2912 3985
1419 229 1445 271 7

276 371 362 414 nisi
395 383 589 414 versuum
618 372 765 416 ordine
794 372 1018 416 observato
1047 385 1216 416 carmen
1246 372 1486 425 decurrere)
1516 383 1640 413 versu
1666 369 1797 424 igitur
1823 370 1876 411 24
1902 382 1986 410 non
2015 381 2120 422 nego
2149 368 2251 409 ferri
2277 379 2401 422 posse

437 463 481 502 et
508 460 747 516 quicunque
775 460 856 504 coli
874 462 1036 516 jusque
1062 461 1262 517 piumque
1291 461 1394 504 deos

272 561 515 603 quanquam
545 548 719 592 fortassi
747 549 1004 605 praetuleris,
1044 550 1159 604 quod
1188 550 1322 605 magis
1362 552 1430 592 est
1456 562 1508 592 ex
1537 546 1841 591 consuetudine
1868 546 1913 588 in
1942 543 2148 601 ejusmodi
2175 541 2368 585 formulis
2396 539 2483 582 fere
2517 538 2594 581 ob-

274 640 465 679 servata:
510 640 554 679 et
592 651 864 693 quoscunque
903 638 985 680 coli
1003 639 1164 693 fasque
1199 639 1400 693 piumque
1428 637 1541 680 deos.
1604 638 1660 678 At
1686 633 1785 678 vero
1814 647 1988 689 prorsus
2017 631 2134 674 nulla
2163 643 2293 673 causa
2321 630 2415 671 erat
2443 640 2518 669 cur
2549 630 2593 668 et

276 725 473 767 Heinsius
501 729 544 768 et
572 726 646 768 alii
674 730 896 782 tantopere
925 727 1188 770 offenderent
1214 726 1258 768 in
1284 739 1407 767 versu
1436 725 1489 765 43

438 813 635 867 quodque
672 811 882 868 >pudicitia
918 817 984 855 est
1022 817 1188 854 tantum
1216 811 1421 854 inviolata
1448 812 1676 862 bonorum,

434 899 585 942 ultima
612 901 669 942 sit
701 900 848 943 laudes
877 900 989 942 inter
1016 904 1065 942 ut
1092 900 1170 941 illa
1196 899 1322 941 tuas?
1344 898 1527 952 (scilicet
1555 897 1658 951 quid
1685 899 1765 941 tibi
1792 898 2019 953 profuit?).

270 987 387 1030 Nihil
415 988 524 1032 enim
545 989 839 1045 corrigendum
867 1001 1004 1043 neque
1022 1021 1032 1041 ,
1061 987 1176 1043 quod
1204 986 1377 1030 Heinsio
1405 986 1587 1042 placuit:
1618 985 1803 1041 quidque
1821 985 2030 1041 pudicitia
2057 986 2224 1034 tantum
2257 982 2497 1023 cumulasse
2516 979 2591 1021 bo-

270 1090 435 1125 norum,
468 1090 603 1131 neque
624 1077 737 1131 quod
759 1076 967 1131 Hauptio:
1003 1076 1201 1131 quodque
1228 1074 1434 1131 pudicitia
1463 1077 1528 1117 est
1556 1077 1724 1116 tantum
1752 1072 1965 1115 cumulata
1992 1072 2211 1123 bonorum,
2239 1070 2593 1112 substituendum.

269 1164 398 1208 Modo
426 1165 581 1208 leviore
609 1165 949 1220 interpunctione
977 1168 1075 1221 post
1101 1164 1306 1208 inviolata
1340 1163 1503 1207 incidas
1531 1162 1787 1214 orationem,
1813 1160 1955 1204 omnia
1984 1172 2089 1201 sana
2115 1162 2254 1201 erunt:

432 1253 630 1308 quodque
658 1254 868 1308 pudicitia
896 1256 962 1295 est
988 1257 1157 1295 tantum
1185 1253 1410 1304 inviolata,
1438 1252 1647 1294 bonorum

438 1340 592 1381 ultima
619 1341 675 1381 sit
701 1340 849 1383 laudes
877 1341 990 1382 inter
1019 1343 1069 1382 ut
1095 1339 1171 1381 illa
1197 1342 1295 1381 tuas
1322 1365 1377 1371 -

439 1427 514 1469 ubi
544 1428 663 1481 bona,
694 1427 809 1482 quod
838 1427 1078 1483 saepissime,
1106 1427 1220 1468 idem
1239 1426 1383 1467 valent
1412 1428 1541 1480 atque
1569 1425 1756 1473 virtutes,
1786 1428 1828 1466 et
1856 1424 1964 1465 inter
1993 1422 2139 1465 laudes
2167 1425 2264 1465 tuas
2292 1422 2489 1464 bonorum
2518 1422 2597 1478 hy-

281 1514 472 1569 pallages
501 1515 638 1570 figura
664 1516 801 1570 poetis
830 1515 1010 1558 maxime
1038 1515 1309 1569 frequentata
1338 1514 1493 1556 dicitur
1520 1527 1598 1569 pro
1622 1520 1728 1557 inter
1751 1517 1889 1554 laudes
1918 1517 2110 1554 bonorum
2138 1517 2305 1554 tuorum.
2372 1511 2468 1553 Jam
2496 1526 2597 1554 vero

269 1602 496 1643 considera
539 1616 700 1644 mecum
744 1602 882 1644 locum
922 1602 1108 1645 omnium
1150 1614 1245 1642 mea
1287 1600 1456 1654 quidem
1496 1601 1707 1643 sententia
1746 1601 2037 1656 gravissimum
2073 1599 2129 1642 ad
2158 1599 2414 1655 culpandum
2445 1599 2597 1642 novicii

271 1693 413 1744 poetae
444 1690 669 1744 ingenium,
697 1703 842 1732 versus
871 1690 966 1732 dico
993 1692 1044 1732 57
1067 1703 1094 1731 a
1111 1690 1166 1732 58

434 1776 536 1830 quid
566 1777 602 1818 si
632 1790 717 1818 non
745 1776 895 1818 habitu
924 1777 984 1818 sic
1011 1790 1057 1818 se
1085 1777 1281 1832 gessisset
1309 1778 1354 1818 in
1384 1778 1518 1830 omni,

434 1869 482 1907 ut
505 1878 588 1908 sua
614 1878 697 1908 non
725 1868 866 1908 essent
892 1864 1102 1909 invidiosa
1133 1865 1270 1909 bona?

436 1953 529 1997 Hoc
572 1954 681 1996 enim
724 1953 815 1996 vult
855 1957 1010 2009 poeta,
1054 1954 1116 1998 sic
1143 1969 1220 2010 per
1248 1969 1413 1997 omnem
1441 1955 1571 1998 vitam
1600 1969 1692 1999 sese
1720 1957 1898 2010 gessisse
1926 1956 2102 2008 Liviam,
2130 1960 2179 1998 ut
2207 1955 2332 2011 digna
2359 1954 2487 1996 fuerit
2515 1954 2583 1995 cui

269 2056 413 2084 omnes
441 2041 555 2084 bona
582 2041 819 2085 inviderent
847 2041 1088 2093 (vernacule
1117 2042 1235 2085 dicas
1267 2042 1392 2085 »dass
1420 2042 1503 2086 alle
1531 2043 1591 2086 sie
1622 2057 1693 2086 um
1714 2042 1807 2085 ihre
1829 2042 2015 2097 Vorziige
2031 2041 2341 2094 beneideten«),
2367 2042 2515 2098 itaque
2535 2066 2588 2073 --

275 2129 357 2173 hoc
378 2130 487 2173 enim
506 2129 605 2172 inde
625 2129 715 2172 vult
733 2130 844 2172 effici
868 2154 913 2160 —
935 2130 1115 2173 fortunae
1134 2130 1408 2174 acerbitatem
1428 2131 1597 2187 indigne
1626 2135 1670 2172 in
1700 2144 1751 2172 ea
1778 2130 1906 2173 fuisse
1925 2134 2173 2185 grassatam.
2204 2131 2324 2181 Quod
2342 2143 2442 2172 vero
2461 2134 2591 2185 poeta

274 2218 381 2258 dicit
409 2218 661 2258 sententiam
691 2218 821 2258 efficit
847 2219 975 2272 plane
1004 2219 1263 2260 contrariam
1290 2221 1474 2273 repetita
1501 2220 1724 2271 negatione
1752 2233 1846 2261 non.
1904 2220 2140 2261 Dicendum
2167 2223 2261 2261 erat
2288 2224 2383 2261 aut:
2414 2219 2525 2269 Quid
2551 2219 2588 2260 si

266 2318 350 2349 non
379 2305 531 2348 habitu
560 2306 619 2348 sic
648 2319 692 2347 se
721 2307 920 2360 gessisset
946 2307 990 2349 in
1021 2307 1152 2361 omni,
1189 2312 1238 2349 ut
1272 2307 1385 2351 bona
1409 2310 1549 2349 essent
1575 2307 1813 2349 invidiosa?
1842 2311 1917 2349 aut
1947 2308 2098 2350 saltem
2127 2311 2166 2349 et
2195 2320 2279 2349 non
2312 2311 2451 2349 essent
2481 2306 2587 2349 invi-

260 2394 381 2437 diosa
421 2394 543 2437 bona.
602 2395 729 2446 (Tum
772 2396 935 2438 scilicet
976 2397 1174 2440 fortunae
1216 2410 1342 2452 posse
1384 2398 1615 2440 condonari
1660 2396 1993 2446 acerbitatem)‘?
2069 2396 2124 2436 Et
2161 2400 2210 2437 ut
2254 2396 2495 2448 concedam,
2523 2397 2588 2438 ita

261 2485 478 2539 scripsisse
505 2487 675 2538 poetam
702 2486 750 2525 ut
767 2487 983 2537 postremo
1002 2484 1097 2527 loco
1117 2485 1252 2539 posui,
1281 2490 1424 2527 tamen
1442 2487 1624 2528 restaret
1642 2483 1879 2526 foedissima
1906 2482 2027 2525 labes
2062 2496 2191 2538 quam
2220 2484 2346 2527 nullis
2375 2484 2582 2527 machinis

262 2569 439 2622 elueris,
487 2571 648 2613 scilicet
685 2584 916 2625 pronomen
952 2572 1233 2626 possessivum
1261 2586 1366 2624 sua,
1394 2571 1467 2613 ubi
1494 2571 1608 2625 leges
1636 2572 1926 2625 grammaticae
1957 2572 2181 2626 requirunt
2195 2605 2206 2624 ,
2233 2572 2361 2614 immo
2389 2571 2588 2626 flagitant

261 2657 636 2700 demonstrativum
679 2659 782 2711 ejus.
839 2657 972 2711 Igitur
1013 2672 1184 2713 quoquo
1229 2664 1272 2702 te
1304 2660 1480 2701 verteris
1519 2664 1689 2714 poetam
1723 2660 2015 2714 deprehendes
2045 2660 2287 2714 turpissime
2316 2659 2582 2702 oscitantem.

263 2745 311 2787 In
340 2747 392 2788 iis
422 2761 514 2802 quae
543 2749 734 2803 proxime
760 2752 1017 2802 sequuntur:

431 2836 615 2880 Caesaris
644 2837 756 2880 adde
784 2837 968 2890 domum,
995 2828 1089 2892 quae
1117 2841 1246 2892 certe,
1275 2838 1434 2880 funeris
1463 2851 1627 2895 expers,

436 2924 583 2968 debuit
611 2924 806 2968 humanis
834 2924 962 2968 altior
989 2939 1080 2969 esse
1107 2925 1244 2969 malis.

431 3012 509 3055 llle
536 3012 649 3066 vigil,
678 3026 843 3056 summa
870 3027 991 3056 sacer
1017 3013 1109 3070 ipse
1136 3013 1302 3058 locatus
1330 3014 1374 3057 in
1403 3029 1513 3067 arce,

436 3116 506 3144 res
534 3101 751 3144 hominum
781 3117 833 3145 ex
860 3106 955 3145 tuto
984 3117 1154 3146 cernere
1183 3103 1334 3157 dignus
1363 3108 1466 3156 erat,

429 3201 507 3230 nec
533 3189 626 3231 fleri
649 3191 743 3243 ipse
772 3190 860 3231 suis
887 3204 967 3232 nec
993 3204 1249 3245 quemquam
1276 3190 1377 3232 flere
1413 3205 1587 3233 suorum
1623 3216 1677 3222 —

260 3278 411 3320 horum
451 3276 579 3331 igitur
607 3277 679 3332 qui
705 3276 835 3319 medii
862 3281 962 3319 sunt
988 3290 1133 3320 versus
1161 3292 1286 3321 sensu
1324 3279 1493 3321 omnino
1523 3278 1634 3320 cassi
1663 3284 1762 3320 sunt
1777 3313 1787 3331 ,
1816 3293 1914 3321 nam
1949 3293 2043 3334 quae
2072 3283 2138 3321 est
2166 3278 2247 3321 hoc
2278 3279 2374 3322 loco
2407 3280 2588 3325 Caesaris
