2912 3985
1369 182 1418 224 ¹9

226 331 343 376 haud
359 331 476 384 item,
501 331 711 387 siquidem
739 331 903 375 numeri
929 334 1029 375 sunt
1055 333 1278 386 poetarum
1306 331 1394 375 sive
1418 330 1702 385 metricorum,
1730 331 1811 374 nisi
1839 331 1950 376 forte
1969 335 2012 375 et
2030 331 2191 376 ordinis
2211 333 2328 376 dicas
2348 346 2547 377 numeros

226 432 330 463 esse.
387 420 471 463 Sed
497 420 596 463 huic
623 420 857 464 defensioni
884 421 1058 464 obstant
1081 421 1119 463 si
1146 420 1249 475 quid
1275 420 1397 462 video
1426 420 1574 463 addita
1600 419 1731 461 verba
1756 423 1920 461 servato
1953 418 2100 461 ordine
2118 418 2438 473 disputationis,
2469 435 2547 465 nec

225 507 314 550 scio
342 519 397 549 an
425 500 519 562 quse
547 507 671 562 vulgo
698 508 891 551 obtinent
917 508 1152 550 locutiones
1182 506 1402 549 »omnibus
1419 506 1608 549 numeris
1617 508 1849 563 perfectus,
1870 507 2111 551 absolutus«
2132 507 2256 550 simil.
2275 521 2359 551 non
2378 508 2546 551 valeant

210 593 282 637 -ad
307 594 445 637 locum
473 599 665 637 nostrum
693 596 748 639 ab
777 596 891 638 omni
919 596 1159 651 suspicione
1185 595 1496 638 vindicandum.
1527 596 1710 648 Ferrem,
1740 597 1777 638 si
1804 596 1952 639 Tacito
1983 596 2123 638 dicere
2149 595 2384 650 placuisset
2410 595 2545 638 omni·

225 681 305 725 bus
337 681 522 726 numeris
559 695 812 738 persequar:
855 695 951 738 quae
990 682 1102 727 enim
1138 682 1268 734 verba
1300 681 1345 724 in
1387 685 1547 725 certam
1586 683 1783 726 abierunt
1810 683 2093 738 stabilemque
2121 682 2289 725 dicendi
2318 681 2548 725 formulam

224 770 354 822 atque
380 769 723 813 consuetudinem
753 782 836 813 non
861 772 1040 824 possunt
1067 781 1147 825 pro
1186 769 1410 812 scribentis
1447 768 1636 813 lubidine
1662 770 1728 813 vel
1756 769 1940 827 abjicere
1968 769 2202 813 membrum
2231 769 2296 813 vel
2325 768 2548 813 asciscere.

223 853 359 910 Igitur
385 857 561 910 numeri,
590 857 626 899 si
653 856 756 899 ferri
785 856 941 900 debent
976 861 1123 900 nostro
1162 857 1269 910 loco,
1304 872 1389 901 non
1424 861 1604 913 possunt
1641 873 1732 903 esse
1776 858 1913 913 (quod
1942 857 2197 902 Boettiehero
2226 859 2270 902 in
2298 858 2378 902 lex.
2408 856 2548 901 Tacit.

207 944 406 1001 ·videtur)
426 948 591 999 partes,
619 944 776 988 debent
803 958 894 988 esse
912 944 1109 999 pondera
1136 945 1347 1001 (conferas
1374 946 1592 1001 vulgatum
1624 947 1691 990 »in
1719 946 1864 1002 aliquo
1893 958 2067 990 numero
2096 948 2251 1000 esse-1),
2280 946 2357 989 sed
2388 944 2454 988 vel
2481 945 2546 988 sic

174 1062 176 1065 -
223 1033 452 1077 insolenter
479 1034 700 1089 scripsisse
728 1034 922 1076 Tacitum
950 1035 1168 1077 fatendum
1197 1039 1274 1088 est,
1303 1039 1351 1077 ut
1378 1039 1466 1078 tam
1493 1037 1694 1090 proclivis
1722 1037 1783 1078 sic
1812 1034 2022 1078 dubitatio
2051 1048 2177 1090 quam
2200 1035 2381 1077 difficilis
2400 1048 2544 1077 emen-

205 1123 356 1178 -datio,
385 1123 467 1167 nisi
495 1122 606 1165 forte
633 1122 855 1178 genuinam
883 1122 1108 1165 lectionem
1136 1123 1266 1166 fuisse
1294 1137 1514 1167 censemus
1542 1105 2099 1167 IISDEMNUNCUERBIS
2127 1137 2179 1166 ex
2195 1137 2327 1179 eaque
2350 1121 2544 1166 adverbii

220 1212 486 1267 potissimum
514 1224 625 1254 nnnc
653 1224 753 1265 ergo
783 1211 922 1254 labem
949 1211 1131 1255 traxisse
1159 1211 1388 1267 vulgatam.

384 1299 479 1343 Init.
510 1314 601 1354 cap.
645 1298 686 1342 11
719 1297 945 1343 verborum
977 1313 1077 1343 nam
1098 1301 1265 1353 postero
1295 1298 1364 1343 die
1391 1313 1517 1354 quam
1544 1298 1765 1343 Curiatius
1794 1298 2020 1342 Maternus
2050 1299 2245 1343 Catonem
2271 1300 2542 1352 recitaverat,

219 1401 311 1431 cum
341 1388 565 1443 offendisse
583 1389 820 1443 potentium
847 1389 1013 1432 animos
1041 1388 1262 1441 diceretur,
1293 1390 1493 1441 tanquam
1521 1389 1568 1430 in
1595 1401 1640 1430 eo
1668 1387 1884 1441 trayoediae
1912 1391 2160 1442 auyumento
2179 1387 2250 1429 sui
2268 1387 2422 1429 oblitus
2443 1391 2539 1429 tan-

218 1480 306 1522 tum
344 1477 541 1521 Catonem
579 1478 805 1533 cogitasset
842 1492 936 1521 cum
970 1481 1086 1521 recte
1122 1476 1334 1532 Sauppius
1372 1476 1635 1531 intellegeret
1675 1481 1697 1525 (
1707 1475 1857 1519 Philol.
1886 1475 2082 1519 Leutsch.
2111 1475 2211 1518 XIX
2238 1490 2278 1532 p.
2306 1475 2416 1528 263)
2454 1489 2540 1519 non

217 1567 325 1609 bene
353 1570 550 1609 constare
579 1567 830 1608 sententiam
869 1566 953 1607 nisi
988 1579 1083 1608 cum
1124 1567 1348 1620 negatione
1375 1567 1608 1621 prolatam,
1647 1565 1757 1607 hanc
1785 1566 1922 1620 ipsam
1951 1565 2114 1607 censuit
2140 1566 2417 1620 interceptam
2445 1579 2538 1609 esse

217 1656 441 1700 verborum
476 1660 677 1709 tanquam
709 1669 793 1698 non
826 1656 873 1699 in
902 1655 1117 1698 collisione
1146 1659 1190 1697 et
1216 1656 1277 1697 sic
1306 1655 1556 1697 emendavit.
1613 1654 1743 1696 Recte
1772 1653 1943 1708 quidem
1972 1654 2028 1695 ad
2058 1667 2240 1705 sensum,
2268 1654 2324 1695 ad
2352 1653 2534 1696 formam

218 1758 317 1787 vero
347 1745 421 1798 qui
442 1745 685 1798 diligentius
713 1743 945 1788 attenderit
962 1744 1074 1787 inter
1091 1743 1222 1788 verba
1240 1746 1481 1798 arqumento
1502 1745 1544 1787 et
1571 1742 1643 1787 sui
1671 1741 1917 1787 adverbium
1937 1742 2011 1785 vix
2038 1741 2236 1786 haustum
2263 1741 2392 1786 fuisse
2420 1741 2537 1786 haud

214 1833 303 1875 scio
332 1848 388 1875 an
416 1833 681 1888 probabilius
710 1833 918 1888 conjiciat.
947 1858 999 1863 —

237 1909 239 1912 ’
381 1921 482 1977 Gap.
512 1920 575 1963 111
599 1935 635 1963 v.
664 1920 719 1963 20
747 1920 965 1972 clienteloe,
996 1920 1147 1974 quibus
1183 1920 1258 1961 vix-
1285 1920 1529 1975 suffeceris,
1560 1920 1686 1962 etiam
1722 1920 1763 1961 si
1800 1932 1881 1960 non.
1917 1931 2068 1960 novum
2098 1918 2175 1959 tibi
2204 1918 2297 1971 ipse
2323 1918 2534 1973 neyotium

213 2008 502 2062 importasses,
531 2007 770 2095 Djomitium
796 2010 836 2050 et
866 2007 1063 2050 Catonem
1089 2007 1138 2050 id
1164 2011 1228 2051 est
1251 2011 1422 2050 nostras
1449 2020 1607 2062 quoque
1644 2007 1848 2050 historias
1876 2011 1913 2049 et
1941 2007 2137 2049 Romana
2162 2006 2331 2049 nomina
2359 2006 2527 2048 Groeco-

199 2109 309 2139 rum
342 2095 515 2152 sabulis
558 2108 800 2151 ayyreyare.
870 2094 1119 2151 »Negotium
1146 2095 1403 2151 importare«
1434 2109 1518 2137 non
1546 2100 1640 2138 erat
1670 2096 1783 2150 quod
1815 2095 2006 2137 Acidalio
2034 2095 2314 2150 suspicionem
2345 2098 2533 2136 moveret

200 2178 391 2240 eumque
418 2184 475 2227 ad
504 2182 798 2237 corrigendum
818 2182 1068 2239 impelleret:
1088 2182 1301 2238 negotium
1321 2182 1594 2236 imperasses,·
1621 2197 1705 2239 quo
1734 2183 1861 2227 verbo
1890 2183 2064 2239 propius
2097 2183 2152 2226 ad
2172 2182 2409 2226 litterarum
2428 2181 2530 2225 duc-

210 2276 281 2317 tus
322 2272 486 2317 aecedit
527 2271 816 2327 imperitasses
848 2284 927 2314 nec
959 2284 1061 2314 sane
1102 2270 1265 2328 longius
1302 2270 1423 2314 abest
1457 2271 1729 2326 impertisses.
1787 2270 1871 2314 Sed
1905 2270 1970 2313 vel
2016 2270 2229 2313 Ciceronis
2270 2269 2525 2312 auctoritate

212 2362 420 2404 munitum
450 2364 515 2404 est
540 2360 646 2402 illud
673 2361 880 2415 neyotium
907 2343 1153 2413 irnportare3
1180 2360 1225 2402 in
1253 2359 1335 2403 hoc
1353 2363 1495 2403 autem
1512 2360 1606 2415 ipso
1634 2360 1852 2402 enuntiato
1881 2372 2110 2414 ayyreyare
2136 2372 2230 2401 cum
2250 2357 2444 2402 codicum
2472 2359 2531 2401 sit

208 2448 351 2501 lectio,
379 2463 431 2492 ex
460 2448 625 2491 Pithoei
654 2448 945 2491 emendatione
973 2461 1227 2503 ayyreqares
1254 2447 1393 2491 locum
1421 2448 1465 2489 in
1495 2447 1751 2490 editionibus
1771 2448 2003 2502 occupavit.
2061 2446 2214 2493 Nescio
2234 2457 2289 2493 an
2308 2447 2528 2502 scriptoris

209 2549 378 2578 manum
408 2535 671 2591 probabilius
700 2536 935 2578 restitueris
964 2535 1231 2591 corrigendo:
1271 2535 1515 2579 Graecorum
1542 2538 1591 2578 ut
1617 2535 1770 2578 sabulis
1799 2549 2062 2590 ayyreqares.
2131 2536 2265 2590 Magis
2292 2535 2402 2579 enim
2431 2546 2524 2575 cre-

209 2624 340 2668 dibile
366 2625 565 2667 haustum
593 2623 721 2666 fuisse
747 2626 795 2666 ut
821 2623 1077 2679 particulam
1106 2637 1232 2679 quam
1260 2622 1430 2680 Imperf.
1462 2624 1581 2681 Conj.
1609 2624 1653 2667 in
1684 2624 1800 2667 infin.
1833 2628 2056 2667 mutatum.

377 2713 480 2768 Cap.
501 2711 550 2763 V,
570 2726 605 2755 v.
627 2712 665 2754 4.
695 2711 844 2765 Ipsum
870 2711 1004 2754 solum
1031 2711 1149 2765 apud
1175 2725 1266 2754 eum
1293 2726 1472 2767 aryuam
1501 2713 1611 2767 quod
1635 2716 1764 2756 natus
1792 2713 1851 2756 ad
1867 2713 2165 2768 eloquentiam.
2184 2747 2193 2755 .
2211 2748 2219 2756 .
2237 2746 2246 2755 .
2275 2728 2358 2768 qua
2368 2727 2528 2768 parere

205 2800 339 2843 simul
364 2804 405 2842 et
431 2801 542 2843 tueri
569 2801 798 2854 amicitias,
827 2800 1065 2843 adsciscere
1090 2801 1430 2853 necessitudines,
1459 2802 1657 2856 conplecti
1670 2803 1920 2855 provincias
1941 2804 2103 2856 possit,
2135 2803 2288 2845 omittit
2322 2804 2524 2846 studium.

214 2888 460 2945 »Conplecti
499 2889 762 2945 provincias«
794 2889 896 2945 quid
928 2889 1010 2933 sibi
1036 2888 1136 2933 velit
1164 2893 1212 2932 ut
1239 2893 1304 2933 est
1330 2889 1455 2934 facile
1483 2890 1541 2934 ad
1568 2890 1907 2956 intellegendum,
1935 2892 1998 2935 ita
2024 2905 2109 2948 quo
2137 2892 2328 2948 exemplo
2356 2891 2525 2935 dicatur

205 2979 275 3022 vix
310 2978 467 3021 dixeris
495 2983 539 3021 et
575 2993 625 3022 eo
654 2979 789 3034 magis
816 2979 982 3022 mireris
1019 2979 1202 3022 editores
1230 2979 1416 3022 intactos
1443 2979 1668 3034 reliquisse
1695 2958 1859 3032 locum,
1899 2981 2013 3035 quod
2040 2981 2182 3025 Codex
2200 2980 2434 3024 Vaticanus
2463 2981 2500 3023 D
2514 3015 2524 3034 ,

205 3067 280 3123 qui
309 3071 373 3109 est
402 3081 454 3108 ex
489 3067 881 3121 praestantissimis,
917 3067 1088 3109 stellula
1115 3071 1213 3122 post
1250 3068 1447 3120 conplecti
1474 3068 1649 3122 appicta
1676 3071 1962 3123 corruptelam
1991 3069 2253 3124 significavit.
2309 3069 2428 3120 Quae
2468 3083 2525 3111 an

208 3157 266 3199 sit
291 3157 337 3198 in
365 3156 518 3198 lacuna
547 3156 793 3209 quaerenda
812 3139 874 3197 'an
899 3157 942 3197 in
970 3156 1064 3209 ipso
1093 3155 1384 3210 conplectendi
1412 3155 1554 3210 verbo,
1591 3170 1676 3198 non
1705 3157 1906 3209 decern03
1948 3156 2158 3212 conplecti
2176 3157 2387 3204 beneficiis
2417 3172 2524 3213 pro-

203 3245 363 3288 vincias
396 3242 461 3285 vel
495 3241 630 3284 simile
665 3240 770 3295 quid
807 3242 1030 3295 quominus
1067 3243 1337 3300 conjiciamus
1370 3243 1543 3286 obstare
1581 3244 1747 3286 videtur
1788 3245 1994 3287 orationis
2035 3245 2272 3300 aequalitas
2309 3247 2354 3288 in
2381 3249 2523 3292 verbis
