2912 3985
1394 155 1445 195 15

264 298 521 343 Maecenatis
549 298 858 342 obtrectatores
888 297 963 353 qui
991 297 1109 352 quod
1133 295 1368 340 discinctus
1410 295 1540 339 fuerit
1574 295 1698 338 nimis
1733 295 1887 338 acerbe
1921 296 2157 351 carpebant
2200 300 2427 352 postquam
2464 310 2579 342 com·

259 384 434 443 pellavit
460 378 599 443 poeta,
627 386 692 430 ita
718 386 858 442 pergit
883 399 922 432 v.
942 386 994 429 27
1014 398 1131 442 seqq.

423 490 525 518 num
551 475 690 518 minus
718 475 837 518 urbis
863 479 956 518 erat
983 479 1127 518 custos
1156 479 1200 518 et
1227 473 1413 518 carceris
1432 473 1493 528 (‘?)
1522 473 1674 529 opses‘?

481 564 665 607 nuncubi
694 579 778 607 non
805 567 922 607 tutas
951 564 1052 607 fecit
1077 565 1122 607 in
1150 564 1257 606 urbe
1283 563 1405 606 vias?

423 658 546 697 nocte
573 655 652 697 sub
680 655 863 697 obscura
890 655 985 708 quis
1012 659 1057 696 te
1082 654 1282 708 spoliavit
1309 654 1553 696 amantem?

475 742 570 796 quis
597 742 738 796 tetigit
765 742 878 784 ferro
908 742 1056 783 durior
1083 742 1176 795 ipse
1202 741 1344 784 latus?

422 831 530 882 Quid
559 829 747 872 faceret?
777 828 1001 870 defunctus
1029 832 1124 870 erat
1151 841 1291 871 comes
1319 828 1498 883 impiger
1525 828 1637 870 idem
1838 847 1849 871 s

475 918 594 961 miles
622 922 665 960 et
697 917 871 973 Augusti
888 917 1069 972 fortiter
1093 929 1224 969 usque
1248 916 1362 968 piu-5.

254 1004 322 1050 Ibi
346 1021 440 1050 cum
469 1004 702 1049 Ribbeckio
729 1004 845 1060 quod
872 1017 1069 1047 versuum
1098 1017 1177 1058 par
1203 1006 1464 1058 postremum
1488 1003 1613 1057 vulgo
1640 1009 1739 1059 post
1766 1019 1803 1046 v.
1823 1004 1878 1048 38
1909 1005 2116 1048 lectorum
2137 1004 2219 1048 huc
2241 1005 2567 1061 transposuerit,

253 1109 338 1140 non
365 1094 642 1151 litigabimus3
672 1093 788 1138 brevi
815 1095 959 1136 autem
988 1092 1254 1145 monendum,
1282 1092 1479 1148 primum,
1507 1091 1619 1136 hanc
1646 1092 1922 1145 medicinam,
1951 1092 2024 1137 ubi
2052 1093 2182 1137 semel
2211 1093 2253 1136 in
2287 1093 2368 1138 hoc
2387 1093 2577 1138 carmine

254 1185 578 1240 approbaveriS‚
605 1184 765 1239 pluries
794 1195 887 1226 esse
915 1182 1218 1234 adhibendam,
1247 1185 1339 1224 tum
1366 1194 1483 1233 vero,
1524 1181 1623 1225 laxo
1650 1186 1694 1224 et
1722 1182 1867 1225 hiante
1895 1183 2065 1225 omnino
2105 1183 2408 1226 sententiarum
2445 1195 2577 1236 nexu,

252 1278 302 1317 ut
329 1273 531 1325 diximus,
573 1286 696 1327 posse
724 1285 803 1327 pro
832 1271 1036 1326 cujusque
1063 1270 1128 1313 vel
1169 1285 1293 1313 sensu
1330 1270 1396 1313 vel
1433 1271 1612 1314 arbitrio
1646 1272 1852 1327 plurimos
1891 1285 2035 1313 versus
2076 1270 2182 1313 locis
2220 1286 2350 1326 quam
2388 1272 2572 1315 maxime

251 1362 509 1403 distantibus
535 1374 669 1412 aeque
694 1359 799 1401 bene
827 1360 927 1413 poni
956 1364 998 1401 et
1025 1373 1124 1401 vero
1152 1359 1298 1409 etiam,
1328 1360 1364 1400 si
1392 1359 1502 1400 tanti
1520 1359 1595 1408 sit,
1626 1359 1816 1401 defendi:
1846 1360 1926 1402 hoc
1947 1374 2045 1402 vero
2065 1373 2265 1412 negamus
2285 1359 2566 1402 Ribbeckium

248 1452 365 1490 recte
390 1447 541 1489 fecisse
569 1447 683 1500 quod
721 1446 889 1488 codices
932 1446 1079 1500 utique
1121 1450 1290 1487 secutus
1332 1446 1570 1500 scripserit:
1612 1447 1732 1489 miles
1775 1451 1819 1487 et
1847 1447 2024 1497 Augusti
2069 1446 2238 1488 fortiter
2278 1459 2411 1500 usque
2453 1446 2564 1500 pius,

248 1540 465 1578 structura
494 1535 592 1576 hac:
623 1535 792 1576 sortiter
819 1535 1041 1576 defunctus
1066 1538 1161 1575 erat
1188 1533 1300 1575 idem
1329 1548 1469 1576 comes
1498 1536 1662 1589 inpiger
1691 1540 1735 1576 et
1764 1535 1884 1575 miles
1916 1535 2092 1587 Augusti
2129 1548 2262 1587 usque
2301 1534 2396 1588 pius
2424 1559 2478 1565 —
2506 1535 2565 1577 ad

249 1623 473 1665 verborum
504 1623 668 1664 scilicet
695 1623 846 1664 seriem
875 1627 964 1663 tam
992 1627 1186 1664 contorte
1214 1635 1342 1676 quam
1384 1623 1498 1676 quod
1540 1626 1683 1677 potest
1726 1623 1917 1664 maxime.
1980 1622 2113 1663 Immo
2157 1621 2428 1663 scribendum
2472 1626 2568 1664 erat

248 1711 381 1767 (quod
408 1714 637 1767 postquam
664 1711 821 1766 legenti
849 1710 952 1753 mihi
980 1715 1131 1766 sponte
1159 1710 1369 1753 succurrit
1397 1712 1521 1765 vulgo
1550 1710 1765 1766 perhiberi
1792 1710 1914 1764 vidi->z
1947 1709 2067 1753 miles
2095 1714 2139 1753 et
2168 1710 2343 1765 Augusti
2361 1711 2500 1765 sortis
2528 1713 2569 1753 et

251 1815 383 1855 usque
410 1800 517 1856 pius
575 1800 704 1843 Recte
733 1814 830 1843 vero
859 1799 971 1843 idem
1000 1798 1256 1843 Ribbeckius
1285 1813 1483 1842 versuum
1522 1799 1646 1854 paria
1672 1799 1859 1851 53-54,
1904 1798 2070 1841 55-56
2109 1798 2207 1842 loca
2244 1802 2408 1842 mutare
2442 1798 2575 1853 jussit

251 1902 430 1944 quorum
459 1893 685 1943 utrumque
712 1902 843 1943 quum
887 1888 1034 1932 eadem
1076 1900 1197 1939 voce,
1244 1887 1394 1941 »hic«,
1438 1887 1680 1940 inchoaret,
1723 1886 1922 1942 proclivis
1967 1891 2062 1929 erat
2105 1886 2279 1931 librario
2319 1887 2459 1931 nescio
2502 1888 2571 1930 cui

251 1991 382 2019 error.
440 1977 528 2018 Nec
554 1982 698 2019 tamen
726 1977 792 2018 vel
819 1977 881 2018 sic
908 1976 1026 2018 salva
1053 1982 1119 2018 est
1146 1977 1262 2030 apud
1290 1977 1414 2018 Ribb.
1446 1978 1679 2031 scriptura:

416 2063 495 2105 Hic
522 2064 610 2106 tela
636 2064 679 2106 in
707 2065 908 2120 profugos
937 2069 1124 2114 (tantum
1153 2070 1401 2107 curvaverat
1429 2069 1592 2114 arcum)

467 2151 583 2193 misit
610 2152 667 2194 ad
695 2155 906 2195 extremos
936 2153 1162 2196 exorientis
1191 2167 1333 2208 equos.

416 2239 495 2283 Hic
523 2240 648 2283 modo
678 2239 797 2283 miles
822 2245 936 2293 erat,
965 2255 1018 2285 ne
1046 2246 1192 2296 posset
1220 2242 1377 2286 femina
1406 2243 1583 2288 Romam

470 2328 657 2370 dotalem
686 2330 823 2382 stupri
850 2331 988 2384 turpis
1017 2330 1177 2374 habere
1204 2333 1283 2374 sui.

414 2414 550 2470 Majus
578 2419 672 2456 erat
694 2415 885 2467 potuisse
912 2420 1057 2458 tamen
1082 2430 1161 2458 nec
1190 2417 1297 2459 velle
1325 2418 1563 2472 triumphos
1577 2452 1587 2470 ,

467 2504 602 2558 major
630 2518 698 2546 res
726 2504 890 2558 magnis
918 2504 1176 2547 abstinuisse
1203 2505 1298 2547 fuit.

245 2590 416 2633 Scilicet
441 2591 486 2634 in
514 2592 651 2647 primo
679 2605 802 2634 versu
830 2596 879 2633 ut
906 2593 1044 2635 oratio
1073 2593 1180 2635 bene
1208 2594 1413 2648 procedat
1441 2594 1503 2635 sic
1531 2598 1597 2637 est
1624 2595 1869 2637 incidenda:

411 2679 489 2723 Hic
516 2680 605 2722 tela
630 2680 693 2735 (in
721 2679 921 2736 profugos
949 2684 1115 2722 tantum
1144 2685 1394 2724 curvaverat
1422 2684 1591 2734 arcum)

413 2768 530 2810 misit
557 2767 614 2810 ad
642 2772 851 2810 extremos
881 2768 1107 2811 exorientis
1136 2783 1277 2823 equos.

243 2853 367 2906 Quod
390 2854 473 2896 nisi
510 2855 681 2908 feceris,
725 2856 920 2898 mittendi
947 2857 1123 2899 verbum
1151 2860 1195 2899 et
1222 2857 1269 2898 in
1295 2860 1339 2899 et
1367 2857 1426 2899 ad
1450 2859 1785 2913 praepositiones
1813 2860 2034 2911 adsciscit,
2077 2857 2298 2901 deficiente
2325 2862 2560 2914 praeterea„

243 2942 550 2999 conjunctione.
607 2943 656 2986 In
682 2945 955 3000 sequentibus
983 2959 1206 3001 perperam
1235 2945 1396 2988 dictum
1424 2952 1489 2990 est
1511 2948 1701 3000 potuisse
1737 2950 1880 2990 tamen
1918 2961 1996 2990 nec
2032 2947 2131 2991 velle
2166 2946 2417 3002 triumphos,
2446 2948 2569 2991 deest

241 3043 426 3085 namque
456 3044 579 3073 casus
608 3031 838 3074 accusandi
864 3032 930 3075 vel
957 3033 1187 3077 infinitivus
1214 3034 1394 3089 quilibet
1421 3047 1450 3077 a
1473 3034 1603 3078 verbo
1624 3035 1817 3088 potuisse
1841 3048 2081 3090 suspensus
2140 3035 2257 3078 Ferri
2300 3041 2468 3091 posset,
2512 3036 2571 3080 ad

242 3117 499 3161 sententiam
525 3118 716 3172 quidem,
