2912 3985
1321 233 1430 286 ἰι

415 382 506 420 tum
535 379 665 422 salice
690 378 921 435 implexum
950 391 1181 434 muscoque
1209 381 1252 420 et
1279 376 1487 419 arundine
1513 377 1671 418 crinem

417 467 658 510 caeruleum
685 480 840 523 magua
866 467 969 522 legit
997 467 1053 511 ab
1081 480 1155 511 ore
1182 479 1311 510 manu

416 554 704 610 uberibusque
731 554 866 598 oculis
890 552 1173 598 lacrumarum
1202 554 1377 598 flumina
1403 554 1519 599 misit
1547 580 1596 586 —-

417 643 490 685 ubi
519 658 572 685 ne
601 644 789 696 corrigas
817 642 1025 696 uberaque
1052 657 1103 685 ex
1130 644 1264 686 oculis
1293 643 1408 697 quod
1438 657 1540 686 sane
1568 646 1612 686 et
1630 644 1828 687 usitatius
1848 648 1891 687 et
1910 657 2009 687 vero
2028 646 2157 688 etiam
2177 647 2393 689 venustius
2412 646 2573 689 dictum

251 736 382 783 esset,
424 731 653 785 prohibent
693 745 824 785 supra
857 731 946 785 jam
976 731 1153 774 laudata
1183 733 1237 786 (v.
1259 731 1355 785 116)
1384 730 1541 774 effusae
1568 730 1754 785 gravidis
1778 731 2067 787 uberibusque
2093 735 2210 787 genis
2239 759 2292 766 —
2322 733 2414 781 scil.
2436 732 2572 777 lacru-

250 833 366 872 mae;
409 833 608 874 maynam
637 822 779 861 autem
807 818 996 861 Tiberini
1025 833 1197 861 manum
1224 819 1353 861 fuisse
1383 818 1496 872 quod
1539 830 1661 860 versu
1692 817 1764 860 221
1811 817 2012 861 docemur
2049 817 2173 862 facile
2210 818 2482 873 crediderim,
2525 824 2573 864 at

248 910 364 950 certe
391 906 525 951 multo
553 908 690 962 major
718 911 811 949 erat
850 907 1005 961 capitis
1033 907 1188 957 moles,
1217 919 1476 961 quamquam
1505 909 1624 949 caret
1650 905 1732 949 hoc
1761 906 1962 961 epitheto.
2020 906 2078 949 Et
2103 911 2217 950 recte
2235 908 2418 962 quidem.
2477 908 2574 959 Quo

246 995 373 1050 friget
402 995 539 1049 magis
551 1028 561 1047 ‚
588 994 736 1036 manui
764 994 979 1045 additum,
1007 1007 1143 1048 neque
1163 992 1313 1035 dubito
1332 993 1435 1047 quin
1454 997 1583 1047 poeta
1601 992 1757 1035 dixerit
1774 994 1949 1036 madida
1970 1007 2119 1046 manu,
2148 994 2192 1036 id
2212 995 2325 1048 quod
2345 1009 2448 1038 sane
2470 1009 2567 1038 cum

247 1083 337 1126 eius
367 1083 435 1125 dei
463 1087 618 1125 natura
645 1084 781 1124 artius
812 1081 1026 1124 cohaeret.
1086 1081 1151 1123 En
1181 1095 1279 1123 vero
1299 1081 1425 1123 deum
1443 1082 1655 1123 fiuvialem
1674 1082 1794 1135 equis
1812 1087 2002 1134 vectum,
2030 1082 2211 1125 alterum
2232 1083 2392 1126 scilicet
2410 1083 2573 1139 Neptu·

245 1184 364 1224 num,
393 1171 467 1226 qui
495 1170 637 1224 (Iliad,
653 1170 777 1222 XIII,
799 1170 851 1213 23
870 1172 1010 1224 seqq.)
1041 1170 1183 1212 currui
1211 1170 1310 1224 biga
1332 1171 1482 1225 juncto
1510 1170 1698 1211 insidens
1727 1183 1931 1223 equorum
1960 1183 2041 1223 par
2063 1169 2319 1224 ferripedum
2344 1186 2421 1225 per
2440 1172 2571 1214 maris

245 1272 406 1316 aequor
435 1259 639 1303 stimulat.
698 1260 755 1301 At
782 1258 881 1301 huic
907 1258 1178 1300 festinatione
1220 1271 1327 1313 opus
1369 1262 1455 1302 est.
1500 1262 1591 1298 tum
1635 1270 1755 1306 vero,
1800 1256 1914 1310 quod
1958 1255 2201 1310 mythorum
2238 1258 2414 1301 interior
2456 1259 2569 1302 ratio

247 1347 394 1400 docet,
440 1351 505 1390 est
533 1347 744 1400 quaedam
772 1360 881 1401 equo
913 1360 1006 1388 cum
1037 1347 1144 1387 mari
1175 1345 1435 1401 conjunctio,
1479 1345 1603 1387 deum
1633 1359 1732 1387 vero
1760 1345 1971 1386 fiuvialem
2014 1349 2186 1399 praeter
2226 1347 2337 1387 hunc
2379 1353 2570 1389 nostrum

245 1434 490 1477 Tiberinum
539 1434 733 1489 equidem
774 1435 871 1476 novi
911 1434 1118 1477 neminem
1159 1446 1236 1488 per
1275 1446 1409 1487 aquas
1449 1433 1722 1487 equitantem.
1781 1432 1836 1473 Et
1863 1434 2070 1474 incertum
2097 1432 2268 1487 reliquit
2295 1439 2423 1489 poeta
2453 1458 2503 1464 —
2532 1435 2570 1476 si

241 1537 341 1567 vera
370 1528 436 1567 est
465 1524 679 1579 scriptura
709 1548 759 1554 --
790 1538 953 1578 equone
996 1522 1181 1565 insideat
1224 1536 1278 1564 an
1307 1535 1432 1564 curru
1462 1522 1651 1564 vehatur.
1711 1520 1843 1564 Immo
1880 1535 1979 1563 vero
2015 1534 2152 1575 neque
2188 1521 2306 1577 equis
2344 1521 2460 1565 locus
2503 1527 2569 1566 est

240 1610 433 1662 omnino,
463 1624 599 1664 neque
626 1611 743 1653 dedit
770 1612 909 1653 locum
938 1615 1067 1665 poeta
1095 1623 1220 1664 quem
1238 1624 1360 1651 versu
1381 1610 1461 1651 229
1482 1609 1701 1663 scripsisse
1722 1609 1928 1651 arbitror:
1951 1610 2220 1651 sustentabat
2240 1623 2374 1664 aquas
2394 1583 2564 1654 cursus}

240 1710 322 1752 que
349 1696 573 1740 inhibebat
597 1711 744 1741 earum
771 1701 867 1753 (pro
897 1697 1090 1741 codicum
1118 1698 1331 1754 scriptura
1356 1701 1583 1752 equorum).
1643 1697 1767 1739 Dices
1796 1696 1876 1738 hoc
1903 1696 2142 1750 pedestrem
2171 1697 2304 1752 magis
2329 1711 2564 1741 sermonem

243 1785 417 1838 decere,
446 1799 583 1841 neque
612 1787 703 1841 ipse
731 1787 845 1842 apud
875 1786 1071 1828 Ovidium
1101 1786 1276 1833 ferrem,
1305 1785 1379 1828 sed
1409 1785 1525 1841 apud
1554 1789 1746 1828 nostrum
1776 1790 1818 1826 et
1847 1784 1916 1826 hic
1945 1790 1988 1827 et
2015 1784 2119 1827 alibi
2144 1785 2447 1828 connivendum
2487 1790 2563 1830 est.

239 1873 479 1917 Fatendum
511 1877 654 1917 tamen
683 1879 727 1917 et
754 1876 834 1917 hoc
862 1880 947 1928 est,
974 1889 1065 1918 esse
1091 1876 1166 1918 ubi
1192 1879 1337 1917 noster
1366 1875 1431 1917 vel
1459 1888 1591 1929 supra
1617 1874 1891 1928 antiquorum
1919 1878 2144 1928 poetarum
2174 1873 2400 1917 dictionem
2420 1888 2563 1917 assur-

239 1965 326 2017 gat,
354 1961 471 2004 velut
498 1976 591 2004 cum
623 1961 729 2005 dicit
755 1977 792 2007 v⁴
814 1963 912 2006 262:
942 1966 1202 2018 pectoraque
1232 1963 1387 2018 ingenii
1415 1975 1569 2017 magna
1597 1974 1818 2017 capaxque
1847 1961 2020 2011 domus,
2047 1962 2167 2017 cujus
2195 1962 2470 2018 metaphorae
2494 1965 2563 2006 vix

242 2049 431 2092 arbitror
459 2050 643 2094 alterum
671 2052 907 2106 exemplum
935 2053 1129 2103 inveniri3
1174 2052 1433 2096 domicilium
1461 2051 1549 2094 scio
1575 2051 1783 2094 translate
1808 2052 2017 2106 usurpari.
2069 2052 2161 2095 Hoc
2195 2066 2293 2095 vero
2335 2066 2417 2096 non
2457 2054 2561 2096 vitio

242 2139 435 2182 vesterim
467 2143 614 2182 nostro
642 2140 925 2196 qualicunque
954 2142 1118 2184 auctori
1146 2141 1261 2197 quod
1288 2141 1479 2197 posuerit
1505 2156 1544 2183 v.
1564 2142 1645 2183 275

404 2232 447 2270 et
478 2228 649 2270 tandem
678 2228 869 2283 trepidos
896 2229 1039 2272 vultus
1066 2229 1193 2285 inque
1220 2230 1296 2272 illa
1315 2230 1511 2285 ferocum

406 2314 549 2356 invitis
578 2314 776 2358 lacrimas
805 2315 997 2360 occidere
1025 2332 1103 2361 ora
1129 2317 1245 2372 genis
1270 2344 1321 2349 —

239 2402 405 2443 scilicet
421 2403 618 2455 ferocum
645 2404 816 2456 genitivi
844 2404 1023 2446 formam
1054 2419 1133 2460 pro
1161 2406 1350 2461 legitima.
1380 2407 1614 2460 ferocium;
1653 2410 1758 2461 puto
1801 2407 1913 2449 enim
1945 2410 2145 2461 ferorum
2186 2421 2214 2451 a
2255 2421 2380 2451 manu
2407 2414 2561 2464 poetae

240 2503 332 2532 esse
361 2490 659 2544 profectum.*)
717 2491 920 2546 Idemque
948 2507 998 2534 eo
1026 2495 1183 2537 inclino
1211 2500 1260 2536 ut
1287 2496 1329 2536 in
1359 2495 1711 2549 praecedentibus
1740 2497 1933 2550 duraque
1959 2511 2036 2551 per
2063 2511 2214 2540 saevas
2240 2496 2409 2539 vincula
2451 2511 2561 2540 nexa

239 2590 397 2619 manus
431 2601 483 2607 —-
515 2591 692 2618 »servas
718 2591 902 2620 manus«
933 2581 1159 2635 genuinum
1187 2596 1278 2624 esse
1306 2584 1506 2637 suspicer.
1564 2584 1707 2636 Pergit
1734 2589 1863 2638 poeta
1890 2599 1926 2625 v.
1948 2586 2028 2626 ΞΠ

409 2665 586 2722 spiritus
614 2665 685 2707 ille
713 2666 855 2707 minax
883 2692 934 2697 ——-
965 2670 1124 2722 (agitur
1153 2670 1206 2711 de
1235 2671 1476 2723 Germanis)
1504 2695 1556 2702 —
1584 2675 1628 2711 et
1656 2670 1785 2712 Drusi
1812 2675 1950 2714 morte
1977 2671 2184 2726 superbus

403 2752 592 2797 carnifici
621 2753 664 2797 in
692 2757 855 2797 maesto
884 2766 1053 2796 carcere
1082 2756 1248 2798 dandus
1276 2757 1369 2798 erit.

370 2918 399 2964 ⁸)
427 2919 656 2966 Quamquam
680 2920 838 2956 fortasse
861 2922 951 2956 ferri
973 2923 1090 2968 possit
1110 2923 1271 2966 ferocum
1294 2924 1504 2957 Genetivus.
1550 2924 1664 2965 Quem
1689 2934 1799 2965 quum
1823 2925 2005 2965 Hauptius
2034 2928 2110 2958 tam
2131 2925 2194 2959 diu
2217 2930 2328 2968 neget
2360 2928 2476 2969 (p.26)
2505 2929 2557 2962 la-

238 2980 357 3012 tinum
383 2990 464 3011 esse
488 2980 576 3012 dum
602 2992 712 3014 nemo
736 2982 918 3014 consimili
950 2982 1118 3023 exemplo
1141 2982 1431 3021 confirmaverit,
1465 2989 1615 3026 praesto
1638 2988 1694 3019 est
1728 2986 1936 3027 exemplum
1972 2998 2016 3020 ex
2036 2986 2160 3021 Culice
2189 2985 2418 3030 Vergiliana,
2454 2999 2556 3032 αφτ-

238 3042 333 3072 stum
358 3040 404 3081 (v.
415 3039 470 3080 21)
485 3066 494 3081 ‚
531 3052 637 3083 quarn
665 3041 822 3076 sormam
845 3041 876 3076 si
899 3044 1117 3085 personatus
1139 3041 1202 3078 ille
1227 3041 1410 3086 Vergilius
1433 3042 1584 3087 quidem
1607 3046 1645 3079 at
1675 3043 1899 3082 reverendae
1932 3044 2157 3091 antiquitatis
2188 3047 2297 3092 poeta
2325 3047 2557 3093 periclitatus

236 3101 309 3138 est.
332 3098 422 3134 ferri
446 3109 591 3145 quoque
614 3100 725 3136 debet
747 3100 916 3144 ferocum.
966 3100 1164 3137 Caelestum
1184 3113 1273 3137 vero
1297 3101 1460 3143 (Metam.
1475 3103 1836 3145 1,150)0vidianum
1861 3124 1901 3130 —
1926 3109 1967 3141 ut
1989 3106 2028 3141 in
2051 3107 2122 3142 hoc
2147 3108 2380 3152 acquiescam
2413 3126 2458 3134 —
2491 3110 2557 3145 ha·

240 3159 350 3195 betne
374 3157 561 3203 potiorem
585 3160 887 3197 excusationem?
931 3161 1013 3198 Hoc
1035 3162 1118 3198 loco
1141 3172 1296 3204 monce,
1323 3163 1481 3198 eundem
1504 3165 1705 3210 Hauptium
1729 3167 1913 3202 immerito
1937 3168 2084 3203 crimini
2109 3169 2253 3204 dedisse
2276 3173 2406 3205 nostro
2419 3176 2554 3215 poetae

237 3221 339 3265 quod
364 3234 379 3251 ι
397 3222 583 3266 pessime«
610 3222 746 3256 dixerit
768 3234 801 3256 v.
816 3224 883 3257 339
905 3224 965 3257 vix
988 3224 1142 3258 credent
1164 3226 1307 3258 tantum
1329 3236 1453 3259 rerum
1466 3225 1619 3269 ‚cepisse
1642 3229 1694 3261 tot
1715 3238 1850 3269 annos:
1873 3230 1926 3263 tot
1939 3228 2082 3265 scilicet
2097 3241 2165 3274 pro
2181 3232 2256 3265 tam
2269 3230 2411 3274 poncia
2446 3231 2556 3267 Pror-

236 3293 299 3317 sus
322 3283 423 3317 enim
447 3282 617 3317 similiter
641 3282 793 3318 Ovidius
817 3283 966 3319 Metam.
981 3284 1079 3320 libro
1102 3284 1178 3319 Lx.
1194 3283 1255 3320 25:
1280 3282 1455 3328 verbaque
1481 3288 1531 3320 tot
1552 3285 1674 3322 reddit
1697 3287 1821 3323 dicere
1845 3292 1902 3323 est
1925 3300 2046 3325 ausus.
