2912 3985
1462 212 1517 257 24

485 350 532 394 G.
553 350 735 406 XXVII,
762 367 801 396 v.
826 352 886 397 ¹3.
944 353 1041 396 Non
1085 367 1193 403 sum,
1235 357 1372 408 inquit
1414 356 1673 409 offensus...
1702 369 1774 400 nec
1819 370 1889 400 vos
1935 357 2092 412 offendi
2125 357 2346 400 decebit...
2376 371 2466 401 cum
2508 359 2648 400 sciatis

316 440 424 484 hanc
453 454 541 484 esse
569 439 769 494 ejusmodi
795 455 1026 485 sermonum
1055 442 1195 496 leqem,
1225 445 1421 487 iudicium
1450 447 1581 487 animi
1607 447 1712 488 citra
1741 445 1935 488 damnum
1964 445 2136 498 affectus
2156 446 2363 498 profer-re.
2422 445 2644 489 Postrema

317 529 450 573 verba
478 529 578 572 dum
606 529 763 585 aliquis
792 543 859 572 me
888 529 1054 573 doctior
1081 530 1361 586 probabiliter
1401 531 1691 588 explicaverit,
1734 532 1929 588 equidem
1971 531 2231 575 confidenter
2273 532 2389 588 quod
2432 532 2643 577 sententia

317 616 513 671 flagitare
542 617 730 670 videtur,
759 632 918 673 repono
948 619 1142 660 iudicium
1172 621 1303 660 animi
1331 622 1434 660 citra
1464 619 1660 661 damnum
1689 632 1777 664 cum
1806 620 1963 664 affectu
1984 621 2189 677 proferre.

485 707 531 749 C.
552 707 713 760 XXXI,
742 720 778 748 v.
799 708 864 750 35.
922 708 1069 760 Neque
1097 710 1202 750 enim
1231 710 1457 760 sapientem
1475 708 1751 761 informamus
1775 715 1820 762 -Ι-
1844 722 1973 762 neque
1994 709 2221 752 Stoicorum
2243 711 2442 752 civitatem
2460 709 2536 752 sed
2553 722 2645 753 eum

319 796 394 847 qui
419 794 625 847 quasdam
655 799 766 838 artes
794 794 977 848 haurire,
1007 807 1144 838 omnes
1173 795 1303 838 libare
1332 795 1467 838 leviter
1497 795 1619 838 debet.
1662 796 1800 841 Locus
1825 798 1945 842 codd.
1974 797 2261 853 discrepantia
2280 796 2482 841 notabilis
2498 831 2508 850 ,
2537 810 2643 852 quo·

318 894 414 924 rum
442 883 593 938 optimi
620 896 700 940 pro
730 885 928 927 civitatem
968 883 1168 928 exhibent
1210 865 1289 926 c‘it
1306 897 1326 927 e
1342 897 1382 926 m
1411 885 1484 939 (Α)
1525 882 1632 927 arte
1671 884 1744 940 (B,
1783 886 1996 930 civitatem
2034 886 2078 929 in
2118 885 2328 942 margine)
2369 884 2481 929 unde
2524 888 2645 929 civem

318 970 459 1013 effecit
486 972 778 1015 Doederlinus.
836 972 921 1015 Sed
948 975 1063 1015 recte
1083 972 1300 1016 Michaelis
1329 973 1649 1025 animadvertit,
1677 973 1812 1017 videri
1841 974 2094 1018 sententiam
2124 974 2318 1029 flagitare
2345 987 2397 1017 ex
2420 974 2646 1017 Stoicorum

319 1064 449 1105 mente
477 1061 543 1104 vel
571 1061 794 1103 secundum
824 1061 1051 1104 Stoicorum
1080 1062 1327 1103 arbitratum
1356 1060 1422 1104 vel
1442 1064 1696 1105 severitatem
1718 1063 1830 1116 (scil.
1852 1065 2077 1117 sapientem
2096 1063 2402 1116 informamus).
2445 1062 2645 1106 Fortasse

321 1164 372 1193 ex
401 1150 628 1206 conjuncta
657 1149 851 1191 codicum
882 1148 1063 1192 lectione
1091 1150 1322 1192 eruendum
1351 1153 1416 1191 est
1444 1163 1575 1202 neque
1604 1150 1833 1192 Stoicorum
1862 1155 1951 1193 arte
1981 1152 2211 1194 exercitum.

486 1238 532 1282 C.
552 1237 734 1291 XXXII,
763 1251 799 1279 v.
821 1237 858 1280 6.
917 1236 1080 1280 Deinde
1117 1240 1214 1291 ipsa
1248 1237 1470 1280 multarum
1511 1239 1663 1279 artium
1704 1239 1873 1280 scientia
1894 1250 2050 1280 ...nos
2088 1240 2211 1279 ornat
2248 1240 2372 1289 atque
2391 1271 2400 1280 .
2417 1270 2426 1280 .
2444 1271 2452 1280 .
2469 1270 2478 1280 .
2500 1240 2645 1281 eminet

321 1329 358 1369 et
387 1325 553 1377 excellit,
581 1326 705 1378 idque
735 1338 815 1369 non
845 1325 984 1368 doctus
1012 1325 1128 1369 modo
1158 1329 1195 1369 et
1215 1325 1405 1378 prudens
1434 1325 1600 1368 auditor
1628 1325 1701 1368 sed
1729 1327 1850 1368 etiam
1870 1325 2055 1379 populus
2093 1324 2283 1379 intelleqit
2320 1338 2368 1367 ac
2406 1328 2544 1368 statim
2584 1328 2645 1368 ita

320 1414 443 1457 laude
464 1416 753 1467 prosequitur,
799 1417 842 1455 ut
871 1413 1040 1466 leqitimc
1069 1414 1293 1464 studuisse,
1337 1417 1382 1456 ut
1401 1427 1484 1466 per
1513 1427 1650 1456 omnes
1694 1413 1947 1466 eloquentiae
1989 1428 2180 1457 numeros
2222 1416 2338 1465 iisse,
2383 1417 2428 1456 ut
2469 1414 2644 1466 denique

321 1503 478 1545 doctum
508 1506 711 1544 oratorem
739 1501 935 1555 fateatur.
993 1501 1164 1554 Oratio,
1209 1501 1245 1543 si
1275 1502 1378 1556 quid
1407 1502 1553 1553 video,
1596 1501 1860 1546 inconcinna.
1920 1502 2032 1553 Quid
2060 1502 2171 1544 enim
2209 1502 2336 1545 laude
2372 1501 2648 1557 prosequitur

319 1588 533 1648 populus?
590 1590 635 1634 Si
664 1593 779 1633 recte
808 1590 948 1633 oratio
976 1588 1120 1643 habet,
1163 1588 1209 1630 id
1216 1605 1225 1642 3
1272 1592 1319 1631 at
1346 1603 1430 1633 non
1459 1589 1645 1644 quadrat
1672 1588 1719 1630 id
1744 1603 1839 1632 cum
1867 1590 2141 1644 sequentibus
2171 1603 2281 1645 quae
2318 1603 2403 1633 non
2441 1590 2497 1634 ad
2536 1603 2640 1634 ora-

316 1680 474 1723 toriam
504 1681 640 1722 artem
669 1678 746 1721 sed
774 1677 831 1721 ad
859 1691 1083 1733 personam
1112 1677 1297 1721 oratoris
1324 1677 1461 1732 ipsam
1490 1680 1697 1732 spectant..
1755 1677 1833 1719 Cui
1861 1677 2084 1732 asperitati
2111 1681 2160 1719 ut
2188 1677 2377 1730 medear,
2419 1681 2519 1733 post
2539 1690 2643 1730 pro-

320 1770 506 1819 sequitur
534 1768 673 1811 insero
692 1766 907 1816 eruditum,
937 1765 1051 1819 quod
1079 1765 1332 1809 vocabulum
1361 1778 1436 1807 cur
1465 1765 1665 1808 facillime
1692 1765 1881 1819 potuerit
1909 1764 2104 1807 excidere
2131 1779 2215 1807 non
2244 1779 2351 1818 opus
2382 1768 2447 1806 est
2472 1768 2521 1807 ut
2548 1764 2644 1819 plu-

318 1856 440 1899 ribus
467 1869 714 1912 persequar.

487 1944 532 1987 G.
550 1943 725 1996 XXXV,
753 1958 789 1986 v.
818 1945 849 1985 1.
906 1945 964 1985 At
993 1956 1101 1984 nunc
1131 1940 1419 1983 adolescentuli
1444 1943 1577 1982 nostri
1615 1941 1868 1983 deducuntur
1906 1943 1950 1982 in
1984 1947 2029 1993 -Ι-
2071 1943 2161 1983 seni
2202 1941 2531 1984 scholasticorum
2572 1944 2647 1994 qui

318 2033 502 2078 rhetores
529 2034 737 2076 vocantur.
796 2029 878 2074 Pro
909 2031 1113 2085 corrupta
1142 2027 1265 2072 codd.
1295 2028 1477 2073 lectione
1505 2030 1595 2072 seni
1621 2029 1697 2084 (A)
1725 2031 1812 2073 sein
1841 2029 1896 2080 (0
1916 2029 1970 2084 E)
1999 2043 2082 2073 sem
2110 2043 2193 2073 non
2222 2028 2347 2073 facile
2377 2029 2494 2073 dictu
2535 2028 2638 2085 quid

318 2123 375 2166 sit
403 2119 695 2171 scribendum3
725 2118 902 2168 scholas,
931 2117 1045 2172 quod
1073 2118 1297 2172 proposuit
1317 2117 1486 2173 Lipsius
1514 2131 1773 2173 quamquam
1800 2119 2035 2162 sententiae
2062 2118 2221 2174 optime
2250 2119 2444 2162 convenit
2462 2118 2640 2161 nimium

317 2209 480 2253 recedit
509 2221 535 2250 a
561 2207 806 2250 litterarum
834 2207 986 2261 specie,
1019 2218 1164 2247 scenas
1194 2208 1336 2248 autem
1365 2205 1480 2261 quod
1509 2206 1643 2248 voluit
1671 2205 1916 2259 Rhenanus,
1946 2219 1973 2249 a
2002 2206 2169 2250 dicendi
2198 2220 2276 2250 usu
2304 2220 2389 2250 non
2427 2219 2639 2250 commen·

317 2297 446 2341 datur
474 2296 511 2339 si
539 2296 710 2352 quidem
740 2307 849 2350 quae
876 2292 1046 2349 publice
1072 2293 1181 2336 fiunt
1210 2297 1254 2337 et
1280 2294 1324 2337 in
1344 2294 1531 2338 omnium
1557 2298 1785 2350 conspectu
1811 2295 1856 2337 in
1875 2308 2002 2339 scena
2020 2295 2220 2338 dicuntur
2239 2295 2326 2350 agi,
2355 2294 2469 2350 quod
2490 2298 2638 2339 contra

317 2389 382 2430 est
409 2386 453 2429 in
479 2384 700 2428 rhetorum
729 2381 999 2426 umbraculis.
1060 2382 1269 2438 Equidem
1298 2382 1486 2426 arbitror
1514 2383 1781 2426 intercidisse
1807 2383 1892 2425 sive
1919 2387 2141 2426 truncatas
2174 2396 2268 2426 esse
2297 2384 2510 2436 officinas,
2553 2397 2637 2437 quo

320 2473 450 2518 verbo
479 2476 522 2517 et
550 2473 769 2516 rhetorum
799 2474 843 2514 et
870 2470 1223 2526 philosophorum
1252 2470 1421 2514 scholas
1450 2470 1599 2513 Cicero
1629 2469 1824 2524 designat
1851 2469 1981 2520 (conf.
2002 2468 2100 2523 Leg.
2121 2467 2162 2521 I,
2187 2470 2258 2521 13,
2288 2467 2358 2511 Or.
2380 2469 2468 2524 12).

488 2563 532 2605 G.
554 2559 733 2603 XXXVI
752 2560 845 2606 init,
889 2558 1055 2611 Manna
1085 2559 1315 2611 eloquentia
1344 2561 1446 2601 sicut
1488 2559 1657 2612 flamma
1695 2561 1871 2601 materia
1912 2559 2038 2601 alitur
2079 2562 2116 2601 et
2151 2559 2325 2600 motibus
2364 2560 2566 2601 excitatur
2607 2563 2645 2601 et

324 2651 481 2694 urendo
511 2649 705 2690 clarescit.
764 2647 935 2688 Excidit
962 2660 1013 2687 ex
1043 2648 1360 2701 comparatione
1393 2647 1589 2688 flammae
1615 2647 1810 2697 clarescit,
1840 2659 1968 2701 quam
2008 2647 2370 2701 comparationem
2398 2649 2447 2687 ut
2473 2647 2641 2701 plenam

317 2744 362 2783 et
388 2740 599 2794 integram
625 2737 905 2780 restituamus
934 2734 1227 2788 scribendum,
1257 2736 1300 2777 ni
1328 2734 1477 2789 fallor,
1503 2736 1659 2778 urendo
1688 2736 1874 2780 calescit.

484 2830 530 2877 G,
552 2826 772 2879 XXXVII,
791 2841 828 2870 v.
848 2827 914 2869 40.
944 2826 1058 2869 Nam
1087 2839 1168 2878 quo
1198 2827 1292 2878 quis
1313 2827 1483 2878 saepius
1502 2827 1655 2868 steterit
1674 2828 1875 2878 tanquam
1895 2828 1938 2867 in
1958 2828 2045 2868 acie
2065 2837 2227 2878 quoque
2239 2824 2385 2877 plures
2405 2829 2442 2868 et
2460 2826 2642 2869 intvderit

316 2923 419 2963 ictus
448 2922 486 2961 et
514 2919 822 2970 exceperit
843 2919 956 2958 tanto
987 2914 1108 2957 altior
1139 2917 1175 2957 et
1204 2913 1399 2956 excelsior
1429 2917 1465 2956 et
1502 2913 1585 2956 illis
1624 2913 1862 2957 nobilitatus
1901 2912 2204 2955 discriminibus
2241 2914 2286 2954 in
2326 2925 2395 2955 ore
2432 2912 2639 2956 hominum

317 3010 420 3061 aqit,
451 3018 625 3059 quorum
655 3018 705 3047 ea
735 3007 891 3046 natura
921 3006 980 3045 est
1006 3006 1051 3045 ut
1071 3003 1094 3027 *
1116 3003 1140 3026 *
1168 3015 1315 3044 secura
1355 3001 1486 3043 velint.
1555 3001 1607 3043 Vi
1651 3002 1944 3057 comparativa
1986 3000 2202 3055 participii
2246 3000 2481 3044 nobilitatus
2521 3002 2642 3045 inviti

320 3107 512 3137 caremus
542 3106 593 3135 eo
621 3092 756 3146 magis
786 3091 902 3147 quod
931 3091 1084 3133 ceteris
1112 3089 1312 3145 epithetis
1341 3094 1407 3131 est
1446 3089 1615 3142 addita3
1658 3094 1704 3130 at
1738 3089 1863 3131 facile
1903 3101 2095 3130 caremus
2132 3087 2223 3129 illis.
2281 3088 2471 3131 Alterum
2507 3090 2638 3144 igitur

318 3182 445 3226 alteri
471 3180 814 3224 substituendum
842 3194 934 3222 esse
962 3193 1113 3222 censeo
1141 3178 1512 3232 scribendumque:
1541 3180 1675 3231 maqis
1703 3176 1953 3218 nobilitatus
1982 3173 2107 3216 discr.
2137 3202 2190 3208 -

483 3268 533 3311 ln
562 3266 836 3323 sequentibus
865 3269 1097 3322 postquam
1126 3265 1322 3309 lacunam
1352 3266 1558 3309 indicavit
1588 3263 1803 3318 Agricola,
1848 3263 2044 3306 certatim
2080 3263 2124 3306 in
2164 3264 2373 3321 explenda
2409 3267 2641 3322 periclitati
