2912 3985
1442 214 1493 256 ¹3

307 356 383 399 sed
410 361 576 400 restant
602 357 689 400 alia
716 358 760 399 in
788 357 856 400 his
883 357 1073 400 versibus
1101 357 1385 412 profliganda;
1427 356 1591 399 scilicet
1617 360 1665 399 ut
1692 356 1905 412 particula
1931 358 1999 399 vix
2028 357 2161 401 habet
2187 372 2272 413 quo
2297 361 2503 404 referatur
2545 361 2628 406 nisi

304 445 526 501 scripseris
557 449 720 490 tantum
750 447 819 501 (so
847 446 961 501 weit)
989 446 1149 501 indulg.
1168 445 1274 496 dol.;
1317 448 1362 487 et
1387 458 1517 500 quum
1557 448 1673 488 recte
1702 444 1968 488 desideretur
1995 445 2231 502 subjectum
2262 448 2383 504 cujus
2409 450 2629 503 praedica·

305 537 396 577 t-um
422 534 480 577 sit
507 534 567 578 ali
594 538 698 590 puto
725 548 805 591 pro
832 536 911 578 heu
939 535 1160 590 legendum
1189 547 1281 577 esse
1308 534 1435 585 hunc,
1465 534 1715 589 praesertim
1742 536 1873 588 quum
1901 538 2002 576 tunc
2030 538 2198 576 tantum
2218 534 2298 577 heu
2315 537 2455 577 locum
2473 535 2629 578 babere

305 622 500 665 videatur
526 622 600 666 ubi
629 624 681 666 de
706 623 821 666 facto
850 636 988 666 sermo
1017 627 1083 665 est
1122 637 1199 666 nec
1237 636 1336 665 vero
1375 622 1428 664 de
1465 636 1511 664 re
1550 636 1677 676 quam
1715 634 1799 663 non
1837 622 1997 663 factum
2035 622 2087 663 iri
2123 636 2353 676 speramus.
2395 648 2447 654 -
2489 625 2631 666 Liviae

304 723 432 764 quum
460 724 565 766 prae
591 711 722 753 nimio
750 710 897 754 dolore
925 711 1183 753 semianimis
1205 711 1371 765 jaceret

473 799 630 843 obtulit
658 800 815 843 invitae
832 832 978 842 ......
996 799 1154 841 Caesar
1184 811 1305 853 opem

465 890 736 944 admovitque
765 903 911 943 preces
942 893 984 930 et
1004 889 1083 942 jus
1112 888 1341 930 immiscuit
1375 887 1481 937 illis,

303 994 338 1021 v.
360 980 441 1021 420
470 993 557 1034 seq.
614 983 670 1022 At
706 979 903 1034 precibus
943 993 1028 1021 non
1064 982 1180 1020 recte
1208 977 1437 1032 opponitur
1454 978 1535 1031 jus
1563 978 1657 1029 sed,
1686 978 1731 1020 ni
1759 978 1905 1029 fallor,
1924 980 2057 1032 jussa
2076 978 2234 1022 Caesar
2262 979 2346 1023 illis
2373 981 2624 1025 immiscuit:

305 1068 448 1110 Finem
477 1068 631 1109 faciam
661 1081 784 1109 versu
813 1067 912 1117 460,
957 1067 1030 1108 ubi
1055 1066 1200 1108 fictum
1240 1066 1413 1121 aliquod
1446 1067 1573 1110 Drusi
1615 1066 1886 1110 simulacrum
1929 1067 1971 1109 in
2016 1067 2164 1110 matris
2207 1067 2402 1112 solatium
2446 1071 2629 1115 honores

302 1161 512 1212 quotquot
540 1162 583 1199 et
609 1159 652 1199 in
682 1158 819 1199 vivum
848 1157 995 1198 collati
1024 1160 1123 1198 sunt
1152 1160 1194 1197 et
1222 1157 1265 1198 in
1295 1161 1508 1198 mortuum
1538 1170 1789 1198 enumerans

465 1251 508 1289 et
535 1247 646 1290 sensi
676 1246 853 1300 (inquit)
886 1246 1109 1300 exsequias
1138 1246 1297 1288 funeris
1325 1245 1417 1301 ipse
1444 1246 1526 1287 mei

465 1335 753 1388 decursusque
781 1333 916 1375 virum
944 1336 1064 1374 notos
1089 1332 1191 1374 mihi
1220 1333 1417 1387 donaque
1445 1346 1591 1386 regum

301 1428 399 1467 cett.
456 1424 551 1467 Non
578 1423 778 1477 intellego
807 1423 911 1478 quid
941 1422 1021 1465 sibi
1049 1422 1150 1465 velit
1179 1426 1295 1466 notos
1323 1423 1528 1466 decursus
1556 1424 1731 1475 sentire,
1758 1427 1872 1467 votos
1901 1423 2114 1478 intellego.

462 1513 554 1554 Non
585 1514 738 1554 mirum
767 1517 851 1564 est,
881 1527 974 1555 cum
1005 1513 1132 1555 Drusi
1160 1512 1351 1565 epicedio
1380 1517 1423 1554 et
1451 1513 1553 1554 olim
1581 1517 1832 1567 comparata
1860 1527 1952 1556 esse
1980 1518 2023 1555 et
2042 1526 2154 1555 nunc
2173 1515 2411 1568 comparari
2430 1514 2624 1557 carmina

299 1599 403 1650 duo,
432 1599 615 1643 alterum
643 1598 900 1643 Maecenatis
930 1588 1168 1655 epicedion,
1198 1600 1378 1643 alterum
1408 1601 1541 1656 ipsius
1571 1600 1827 1644 Maecenatis
1855 1602 1987 1645 verba
2014 1616 2211 1658 suprema
2241 1602 2478 1652 continens,
2523 1606 2623 1646 ante

302 1688 561 1743 Scaligerum
590 1689 632 1730 in
663 1703 791 1731 unum
821 1689 1061 1744 conjuncta.
1121 1689 1182 1731 De
1211 1702 1390 1743 quorum
1419 1694 1563 1733 aetate
1592 1704 1675 1733 non
1705 1690 1837 1747 magis
1866 1695 2036 1734 constat
2064 1705 2190 1747 quam
2222 1692 2274 1735 de
2292 1691 2404 1735 illius
2423 1693 2623 1735 carminis

300 1776 413 1831 quod
443 1777 569 1819 modo
607 1776 907 1829 tractavimus,
953 1781 1164 1832 tempore;
1210 1792 1467 1833 quamquam
1508 1778 1695 1834 Hauptio
1737 1780 1931 1823 videntur
1971 1781 2267 1825 »mediocriter
2304 1794 2395 1824 esse
2433 1781 2626 1835 antiqua,

302 1864 384 1910 hoc
414 1871 478 1911 est
506 1865 671 1921 aliquot
698 1869 797 1922 post
827 1865 1045 1911 Christum
1076 1850 1226 1910 natum*
1252 1866 1434 1913 saeculis
1465 1868 1674 1925 scripta«.
1731 1868 1818 1913 Nec
1845 1869 1998 1913 desunt
2026 1868 2137 1913 inter
2165 1868 2250 1914 duo
2279 1869 2468 1927 epicedia
2507 1869 2621 1914 simi·

294 1957 496 2011 litudines
525 1957 680 2010 quibus
708 1956 832 1998 facile
863 1957 1103 2005 evincatur,
1135 1956 1313 1999 alterum
1343 1961 1514 2011 poetam
1545 1956 1668 2001 alteri
1698 1957 1911 2010 cognitum
1931 1957 2072 2001 fuisse.
2132 1956 2253 2009 Quod
2274 1956 2346 2014 qui
2364 1956 2454 2002 fieri
2475 1960 2624 2014 potue-

297 2048 354 2087 rit
382 2047 500 2088 salva
529 2061 671 2089 eorum
702 2048 898 2100 opinione
927 2047 1000 2100 qui
1029 2046 1273 2101 Epicedium
1304 2046 1432 2089 Drusi
1460 2046 1514 2089 ad
1547 2047 1711 2089 novicia
1738 2052 1934 2102 tempora
1962 2047 2150 2090 referunt
2177 2022 2241 2089 vel
2269 2060 2412 2090 eorum
2441 2046 2525 2091 fide
2552 2047 2627 2103 qui

294 2136 553 2179 Maecenatis
583 2137 800 2190 epicedion
830 2137 969 2178 medio
1002 2137 1172 2177 saeculo
1195 2136 1268 2177 XV
1300 2137 1343 2178 in
1373 2136 1514 2178 Dania
1542 2138 1759 2178 inventum
1780 2151 1872 2178 esse
1901 2137 2069 2187 dicunt,
2099 2136 2213 2178 haud
2239 2136 2390 2179 inscite
2411 2135 2628 2191 Hauptius

294 2225 549 2276 enucleavit,
594 2225 674 2266 etsi
701 2224 815 2267 idem
843 2225 886 2266 in
916 2225 1242 2279 argumentandi
1270 2226 1436 2267 ratione
1473 2225 1686 2279 quaedam
1723 2225 1980 2279 perobscure
2021 2229 2070 2266 ut
2111 2225 2213 2266 mihi
2249 2226 2417 2279 quidem
2450 2226 2623 2268 videtur

293 2313 414 2365 dixit,
442 2312 557 2355 velut
581 2312 656 2354 ubi
685 2312 873 2367 quaerit:
904 2311 1240 2355 »putabimusne
1268 2328 1364 2356 eum
1393 2316 1561 2367 poetam
1595 2312 1668 2366 qui
1698 2311 1928 2366 Epicedion
1959 2311 2086 2354 Drusi
2115 2313 2284 2367 scripsit
2318 2313 2483 2356 novisse
2522 2326 2622 2357 con·

293 2401 542 2444 solationem
573 2400 714 2443 Liviae
743 2414 922 2455 eamque
939 2435 1003 2446 ...
1026 2400 1134 2443 ‚sibi
1166 2401 1292 2455 quasi
1319 2382 1571 2455 adrogasse,
1614 2407 1662 2442 ut
1689 2407 1764 2442 aut
1802 2414 1880 2443 nos
1916 2400 2014 2441 salsi
2053 2400 2183 2443 simus
2222 2401 2295 2456 qui
2332 2401 2412 2442 hoc
2448 2415 2622 2445 carmen

291 2489 348 2532 ad
375 2488 529 2533 saecul.
550 2487 627 2530 XV
654 2487 918 2540 rettulimus,
961 2492 1037 2530 aut
1075 2488 1241 2531 mentiti
1280 2490 1367 2531 sint
1395 2488 1467 2544 qui
1499 2488 1718 2544 epicedion
1750 2487 2006 2531 Maecenatis
2035 2489 2144 2532 med.
2167 2502 2275 2532 saec.
2299 2488 2372 2531 XV
2402 2490 2444 2532 in
2478 2490 2621 2534 Dania

290 2578 506 2622 inventum
530 2570 621 2621 esse
650 2577 877 2620 dixerunt?
920 2576 986 2620 lbi
1015 2577 1128 2631 quod
1159 2577 1345 2620 secundo
1386 2578 1480 2620 loco
1521 2578 1663 2633 posuit
1704 2578 1873 2619 minime
1901 2579 2006 2621 facit
2035 2578 2091 2620 ad
2119 2580 2325 2622 rationem
2364 2582 2479 2621 recte
2517 2591 2621 2621 con-

292 2668 556 2710 cludendam.
615 2669 700 2709 Cur
725 2668 834 2708 enim
865 2692 916 2698 —
947 2667 1009 2708 vel
1041 2667 1077 2708 si
1107 2667 1162 2708 ad
1192 2666 1493 2719 antiquitatem
1524 2666 1768 2710 referendus
1796 2672 1910 2710 esset
1937 2672 2087 2711 auctor
2115 2666 2303 2722 Epicedii
2331 2666 2535 2723 Drusiani
2569 2693 2621 2700 —

290 2759 570 2808 mentiantur,
614 2757 688 2811 qui
713 2758 756 2798 in
787 2756 925 2798 Dania
965 2756 1146 2797 alterum
1178 2755 1446 2809 Epicedium,
1491 2755 1747 2798 Maecenatis
1785 2755 1966 2808 scilicet,
2006 2755 2066 2798 'ab
2099 2755 2269 2799 Henoch
2298 2755 2511 2798 Asculano
2554 2756 2616 2798 in-

290 2852 461 2889 ventum
488 2861 607 2898 esse,
633 2860 730 2888 vere
757 2846 819 2887 illi
849 2846 1040 2900 quidem,
1070 2845 1296 2887 dixerunt?
1325 2870 1372 2875 —
1408 2844 1494 2886 Nos
1522 2859 1620 2887 vero
1650 2845 1716 2886 his
1746 2859 1829 2886 non
1861 2845 2020 2886 diutius
2050 2843 2380 2896 immorabimur,
2409 2843 2484 2887 sed
2514 2843 2620 2888 data

289 2936 622 2991 opportunitate,
653 2935 891 2992 argumenti
926 2934 1084 2989 quippe
1112 2934 1388 2976 similitudine
1416 2934 1553 2986 ducti,
1582 2934 1746 2989 aliquot
1773 2947 1920 2975 versus
1949 2933 2075 2990 hujus
2103 2947 2270 2988 quoque
2307 2932 2463 2987 elegiae
2502 2945 2619 2974 ema-

288 3025 432 3067 culare
459 3028 509 3067 ut
536 3023 768 3078 poterimus
796 3022 1044 3067 brevissime
1071 3021 1346 3065 studebimus,
1407 3020 1463 3063 Ut
1493 3021 1604 3064 enim
1632 3020 1738 3064 fides
1756 3020 1970 3064 habeatur
1988 3020 2175 3064 Luciano
2197 3020 2418 3073 Muessero,
2448 3033 2616 3064 sermo·

288 3112 354 3157 nis
382 3112 523 3156 nitore
553 3114 596 3155 et
625 3091 818 3155 versuum
862 3109 1072 3166 elegantia
1115 3109 1365 3166 conspicuas
1409 3121 1501 3152 esse
1541 3108 1697 3165 elegias
1742 3109 1847 3152 duas
1890 3109 1941 3152 de
1971 3109 2212 3153 Maecenate
2252 3110 2432 3164 ideoque
2473 3109 2618 3164 primo

289 3198 456 3243 saeculo
484 3203 614 3255 atque
641 3199 749 3241 adeo
777 3212 861 3241 non
889 3199 1068 3241 multum
1095 3203 1196 3254 post
1215 3198 1472 3257 Maecenatis
1501 3196 1663 3239 obitum
1695 3200 1813 3240 ortas
1841 3211 1935 3240 esse
1962 3199 2155 3253 opinanti
2184 3199 2326 3253 (cujus
2343 3198 2418 3239 ille
2439 3198 2604 3252 opinio·

286 3288 352 3332 nis
380 3286 530 3330 dubito
558 3300 613 3330 an
640 3299 725 3329 non
752 3285 908 3328 multos
936 3286 1122 3328 asseclas
1147 3287 1204 3327 sit
1245 3287 1514 3338 inventurus)
1554 3298 1605 3326 ea
1642 3288 1708 3326 est
1748 3284 1996 3340 plerumque
2035 3285 2339 3327 sententiarum
2379 3298 2608 3338 rerumque
