2912 3985
1425 196 1451 238 6

270 348 336 390 vel
356 347 541 390 maxime
569 346 799 390 adulterini
826 346 937 390 fetus
956 347 1140 402 speciem
1159 346 1371 398 exhibeat,
1400 344 1648 400 antiquitati
1666 344 1807 401 possit
1825 343 2044 387 vindicari.
2106 343 2254 400 Igitur,
2274 357 2369 400 quae
2389 343 2604 399 Gruppius

271 435 465 491 protulit,
493 436 649 491 partim
668 434 829 478 leviora
856 439 955 478 sunt
983 449 1070 491 prae
1100 435 1412 478 contrariorum
1451 436 1795 490 argumentorum
1834 431 2116 488 ponderibus,
2151 433 2310 488 partim
2346 432 2411 475 ita
2448 432 2602 475 consti—

264 528 390 577 tuta,
438 527 486 565 ut
513 526 633 578 aeque
675 523 783 566 bene
824 523 868 565 in
907 523 1165 565 contrariam
1206 527 1372 579 partem
1413 523 1527 565 flecti
1568 526 1739 578 queant.
1798 520 1957 572 Quodsi
1986 520 2059 575 qui
2087 521 2272 563 fortasse
2301 522 2509 564 mirantur
2535 534 2604 563 me

270 610 542 666 quantumvis
569 610 697 653 fidem
727 610 927 653 carminis
956 612 1276 665 impugnantem
1291 614 1435 653 tamen
1450 610 1644 665 quaedam
1664 610 1753 653 eius
1787 609 2124 662 emendaturum,
2156 610 2285 652 immo
2302 624 2432 652 unum
2461 610 2598 652 locum

265 712 301 740 v.
333 697 412 740 283
447 709 564 751 seqq.
617 697 948 752 transpositione
985 700 1256 751 curaturum,
1296 698 1411 751 quod
1447 711 1575 752 quam
1623 698 1832 741 rationem
1873 696 2032 739 habeat
2072 696 2115 739 in
2158 697 2390 752 scriptione
2436 697 2600 740 scilicet

272 785 488 828 neoterica
538 787 581 827 et
630 788 867 840 temporum
901 784 1225 827 librariorumve
1266 784 1444 840 injurias
1486 784 1658 828 minime
1699 798 1828 840 passa
1867 784 2056 840 speciose
2102 787 2364 839 quaerentes,
2409 784 2489 828 hoc
2535 799 2599 827 re-

266 871 470 927 spondeo,
499 884 625 926 posse
645 870 711 914 vel
730 871 854 915 unius
874 872 1020 915 saeculi
1049 873 1227 915 decursu
1258 873 1470 927 permulta
1500 886 1614 926 casu,
1643 887 1767 929 posse
1788 873 1852 917 vel
1881 872 2137 916 brevissimo
2168 872 2372 927 temporis
2391 872 2530 928 spatio
2550 871 2603 915 de

265 959 477 1001 industria
495 959 653 1002 mutari
672 959 870 1014 plurima,
908 960 1096 1011 Quorum
1115 964 1259 1002 utrum
1279 959 1439 1003 factum
1468 960 1524 1003 sit
1552 961 1596 1003 in
1624 961 1811 1004 carmine
1844 964 1990 1004 nostro
2029 960 2166 1015 (cujus
2186 959 2235 1002 N.
2254 959 2451 1003 Heinsius
2477 963 2601 1015 quat-

265 1050 363 1088 tuor
389 1046 495 1089 vidit
522 1047 690 1089 codices
710 1048 1053 1103 manuscriptos),
1081 1061 1166 1090 non
1195 1049 1389 1090 decerno.
1448 1047 1583 1103 Igitur
1612 1048 1732 1091 lubet
1758 1050 1802 1091 in
1833 1048 2109 1103 sequentibus
2128 1051 2217 1090 tum
2243 1047 2497 1103 Hauptianae
2526 1063 2601 1091 ar-

263 1136 594 1190 gumentationis
621 1137 814 1192 pondera
842 1137 1097 1192 quibusdam
1128 1137 1349 1180 momentis
1370 1137 1662 1190 corroborare,
1691 1141 1782 1179 tum
1812 1137 1886 1179 ubi
1915 1136 2040 1179 nimis
2069 1136 2142 1178 ille
2162 1150 2355 1178 severum
2377 1150 2600 1180 censorem

265 1237 392 1279 agere
434 1223 549 1266 visus
591 1227 681 1276 est,
724 1227 862 1279 poetae
903 1228 1049 1267 nostro
1078 1226 1353 1280 patrocinari,
1383 1228 1593 1281 praeterea
1632 1225 1749 1268 locos
1779 1226 1986 1281 quosdam
2016 1226 2087 1280 qui
2115 1225 2256 1267 labem
2283 1226 2465 1268 traxisse
2495 1227 2598 1269 mihi

263 1313 460 1354 videntur
498 1313 555 1354 ad
596 1327 717 1354 suum
754 1313 935 1355 nitorem
965 1314 1229 1356 emendando
1257 1328 1469 1356 revocare.
1526 1313 1578 1356 In
1609 1315 1763 1368 quibus
1792 1316 1903 1369 quod
1934 1318 2149 1369 postremo
2182 1314 2276 1355 loco
2305 1314 2428 1368 posui
2458 1314 2594 1368 possit

264 1400 403 1443 nescio
433 1400 587 1455 quibus
617 1401 898 1444 severioribus
927 1401 1040 1444 inter
1075 1401 1312 1456 philologos
1348 1404 1391 1444 et
1427 1400 1731 1443 morosioribus
1778 1412 2085 1455 supervacuum
2122 1400 2258 1443 videri
2286 1402 2329 1442 et
2359 1400 2445 1443 otio
2475 1400 2595 1443 litte-

265 1492 362 1530 rato
399 1487 516 1529 haud
553 1487 782 1530 admodum
820 1488 1006 1544 dignum,
1045 1493 1195 1543 utpote
1223 1490 1268 1530 in
1296 1503 1343 1530 re
1365 1490 1427 1537 ,ab
1458 1489 1729 1543 antiquitatis
1758 1488 1922 1530 ambitu
1954 1493 2130 1531 remota.
2189 1490 2339 1541 Audio,
2372 1493 2418 1531 at
2449 1489 2599 1544 linguae

264 1575 513 1633 germanicae
551 1576 673 1632 gnari
712 1577 826 1632 quod
865 1576 909 1619 in
946 1577 1032 1619 suis
1073 1576 1211 1633 poetis
1239 1576 1402 1620 faciunt
1430 1590 1536 1633 quos
1565 1580 1684 1619 aetas
1712 1575 1779 1619 vel
1808 1575 1999 1631 proxime
2027 1576 2173 1631 elapsa
2201 1575 2312 1619 inter
2340 1577 2456 1619 vivos
2478 1577 2597 1629 vidit,

263 1664 379 1707 eccui
408 1664 489 1706 nisi
517 1664 736 1719 philologo
764 1664 1094 1719 periclitandum
1122 1670 1186 1708 est
1213 1666 1258 1708 in
1285 1667 1361 1719 iis,
1402 1680 1496 1721 quae
1545 1666 1678 1708 latino
1707 1666 1950 1721 conscripta
1978 1679 2182 1717 sermone,
2212 1666 2403 1720 quamvis
2432 1679 2515 1708 nou
2544 1666 2599 1707 ad

265 1764 433 1794 cascam
460 1751 760 1805 antiquitatem
789 1752 1004 1804 recedant,
1033 1756 1177 1795 tamen
1207 1753 1371 1807 aliquot
1401 1753 1656 1795 saeculorum
1686 1755 1853 1794 aetatem
1886 1752 2104 1794 tulerunt?
2134 1751 2267 1806 Igitur
2286 1753 2400 1794 haud
2420 1753 2598 1795 multum

269 1839 323 1883 ab
352 1839 473 1882 initio
488 1854 527 1881 v.
545 1839 654 1881 5a6

437 1940 515 1967 nec
542 1929 619 1967 tua
646 1928 690 1967 te
718 1926 857 1979 pietas
887 1927 1094 1968 distendit
1123 1942 1267 1970 amore
1296 1912 1477 1969 duorum

433 2028 511 2056 nec
545 2015 689 2066 posito
731 2015 792 2057 fili
832 2016 1018 2065 nomine?
1048 2016 1155 2057 dicis
1187 2017 1376 2058 »uter‹‘?

268 2116 442 2158 prorsus
484 2101 668 2146 infacete
711 2101 874 2146 dictum
904 2108 969 2146 est
992 2105 1135 2158 posito
1173 2104 1287 2160 quod
1316 2103 1500 2148 debebat
1529 2118 1620 2148 esse
1650 2104 1760 2147 dicto
1801 2104 1887 2146 sive
1929 2104 2085 2147 audito.
2143 2104 2230 2147 Nec
2264 2104 2503 2148 emendatio
2555 2104 2598 2146 in

269 2194 472 2245 promptu
500 2193 565 2232 est
592 2203 670 2232 nec
698 2194 881 2232 metrum
910 2191 1097 2234 arbitror
1131 2193 1467 2247 qualemcunque
1501 2192 1738 2233 admittere.
1815 2191 1949 2246 Igitur
1974 2195 2144 2247 poetam
2180 2193 2478 2234 dormitavisse
2512 2195 2601 2233 sta-

266 2277 471 2321 tuendum
500 2282 575 2321 est.
633 2278 755 2331 Quod
785 2293 1046 2336 quamquam
1074 2280 1140 2324 vel
1170 2281 1311 2325 divino
1341 2280 1525 2324 Homero
1555 2280 1760 2323 accidisse
1803 2279 1871 2321 vix
1899 2291 2004 2335 opus
2033 2283 2097 2322 est
2125 2283 2174 2323 ut
2202 2280 2256 2323 ab
2293 2280 2471 2323 Horatio
2501 2281 2600 2324 edo-

272 2381 464 2418 ceamur,
500 2370 643 2410 tamen
682 2368 833 2411 ceteris
871 2368 1041 2422 punctis
1079 2369 1415 2422 suffragantibus
1452 2368 1556 2411 facit
1595 2368 1651 2411 ad
1691 2367 1925 2421 augendam
1955 2367 2051 2410 falsi
2080 2368 2374 2422 suspicionem.
2421 2371 2475 2411 At
2502 2383 2601 2411 vero

273 2456 466 2510 proxime
494 2457 769 2510 sequentibus
798 2457 963 2499 duobus
993 2459 1184 2499 versibus
1214 2459 1238 2498 7
1268 2462 1312 2499 et
1338 2458 1366 2500 8

438 2545 500 2587 Et
528 2546 756 2600 quisquam
783 2547 896 2601 leges
926 2548 1055 2590 audet
1083 2548 1163 2590 tibi
1193 2548 1333 2589 dicere
1363 2546 1502 2599 flendi,

437 2636 475 2676 et
503 2634 726 2689 quisquam
754 2635 954 2679 lacrimas
982 2639 1191 2692 temperet
1219 2649 1292 2679 ore
1321 2635 1452 2678 tuas?

271 2721 369 2766 nolo
411 2725 582 2778 poetam
622 2723 877 2768 insulsitatis
921 2724 1095 2768 crimine
1124 2738 1328 2779 onerare,
1367 2724 1441 2767 ubi
1470 2727 1559 2767 tam
1590 2721 1787 2780 proclivis
1817 2724 1881 2764 est
1908 2721 2147 2765 emendatio
2167 2721 2332 2776 Ecquis
2348 2722 2445 2776 jam
2470 2735 2601 2777 seqq,

269 2813 449 2864 utroque
476 2810 583 2854 loco.
640 2811 695 2855 Et
722 2812 922 2867 pervelim
951 2814 1097 2863 (modo
1125 2828 1192 2856 res
1220 2812 1342 2856 nobis
1372 2813 1428 2855 sit
1464 2826 1560 2855 cum
1587 2813 1730 2854 vetere
1758 2807 1943 2863 quodam
1970 2811 2121 2863 poeta)
2151 2807 2278 2852 liceat
2305 2822 2383 2863 per
2413 2811 2596 2852 metrum

273 2912 445 2939 versum
477 2900 526 2940 16

436 2990 480 3027 et
505 2985 679 3027 titulum
707 2986 808 3028 belli
838 2991 919 3028 dux
948 2988 1053 3029 duce
1082 2987 1216 3028 fratre
1244 2988 1344 3028 tulit

270 3067 396 3108 aliter
433 3068 714 3121 constituere,
741 3069 950 3123 siquidem
979 3084 1124 3111 casum
1152 3071 1399 3112 nominandi
1426 3072 1471 3111 in
1498 3071 1707 3115 similibus
1736 3074 1806 3116 vix
1832 3074 2022 3116 invenias
2050 3074 2166 3128 apud
2193 3073 2338 3128 probae
2368 3073 2598 3115 latinitatis

271 3156 486 3206 auctores,
515 3157 564 3195 ut
590 3155 656 3197 vel
693 3155 776 3197 hoc
803 3156 960 3198 indicio
985 3157 1091 3199 fides
1118 3160 1256 3212 poetae
1285 3162 1484 3211 suspecta
1512 3159 1730 3201 reddatur.
1788 3159 1923 3202 Versu
1952 3159 2006 3201 24
2034 3161 2163 3214 (nam
2201 3159 2328 3200 liceat
2365 3160 2480 3202 nullo
2510 3161 2596 3202 alio
