2912 3985
1386 181 1440 225 23

255 331 308 382 (A
330 326 387 386 B)
415 326 590 382 maligni
617 325 714 369 iniis
743 325 818 381 (C)
844 324 1073 379 maligihiis
1099 324 1179 378 (D)
1207 323 1381 377 maligni
1406 323 1451 363 in
1478 322 1544 363 his
1571 321 1650 375 (E)
1680 319 1917 361 exhibeant.
1974 318 2098 360 Unde
2126 319 2430 372 expiscandum
2471 333 2566 361 esse

258 417 381 473 patet
404 426 490 459 non
519 413 805 469 maliqnitatis,
847 411 962 470 quod
988 411 1088 455 inde
1114 424 1143 455 a
1168 410 1373 454 Rhenano
1407 409 1613 454 editiones
1648 409 1851 464 occupat,
1893 406 1969 450 sed
2007 405 2179 459 maliyni
2216 404 2413 457 homnis,
2454 408 2569 464 quod

254 500 504 546 vocabulum
531 499 745 543 scribendi
769 498 1029 554 compendiis
1055 498 1099 541 in
1135 498 1213 542 has
1250 496 1409 541 formas
1445 496 1669 555 depravari
1707 496 1898 552 potuisse
1936 495 2003 539 vel
2039 495 2190 539 leviter
2227 495 2378 537 harum
2422 508 2563 537 rerum

253 588 408 631 notitia
433 588 591 631 tinctus
619 602 705 631 non
732 587 968 631 mirabitur.

420 676 464 720 C.
487 675 604 729 XVI,
633 677 697 719 27.
754 675 879 737 Quod
913 678 1094 729 spatium
1136 679 1329 730 temporis
1370 678 1410 718 si
1449 674 1508 717 ad
1548 674 1825 727 infirmitatem
1868 683 2085 724 corporum
2126 671 2359 712 nostrorum
2406 669 2571 722 referas

254 767 433 817 fortasse
459 766 622 818 lonqum
648 767 853 817 videatur,
882 769 923 808 si
938 767 1007 826 ¹ad
1031 770 1229 808 naturam
1255 765 1512 807 saeculorum
1539 777 1588 805 ac
1621 764 1808 813 respectu
1849 759 2036 801 immensi
2070 756 2195 810 hujus
2234 758 2328 799 aevi
2358 770 2570 810 perquam

253 853 369 895 breve
398 857 435 895 et
460 856 506 894 in
524 856 719 906 proximo
748 857 816 895 est.
875 852 993 895 Haec
1020 852 1158 894 oratio
1187 865 1215 894 a
1242 851 1418 894 Tacitea
1444 849 1654 906 elegantia
1672 863 1800 904 quam
1819 846 2002 891 maxime
2020 845 2249 889 abhorrere
2267 844 2373 888 mihi
2390 844 2570 888 videtur.

255 939 397 991 Quid?
440 944 530 982 tam
559 941 734 997 supinae
761 941 1049 997 neglegentiae
1075 940 1375 995 politissimum
1417 940 1669 994 scriptorem
1711 936 2041 979 insimulandum
2082 948 2175 977 esse
2214 939 2264 976 ut
2303 933 2463 977 fuderit
2509 934 2569 976 ad

254 1031 451 1070 naturam
478 1026 733 1070 saeculorum
760 1041 808 1070 ac
837 1030 1023 1080 respectu
1049 1027 1238 1069 immensi
1264 1027 1357 1069 aevi
1381 1026 1574 1080 referas?
1620 1025 1713 1068 Non
1746 1026 1821 1067 ita.
1879 1023 2055 1066 Accedit
2093 1022 2205 1078 quod
2244 1025 2430 1076 respectu
2468 1035 2571 1064 con-

248 1115 441 1172 jecturae
469 1119 635 1159 tantum
664 1115 911 1171 (Spengelii)
939 1114 1117 1171 proclivi
1158 1128 1261 1159 sane
1300 1115 1503 1171 originem
1543 1114 1691 1168 debet;
1734 1116 1936 1170 quartum
1976 1111 2087 1156 enim
2124 1125 2267 1155 casum
2308 1112 2573 1166 (respectum)

253 1202 375 1246 codd.
405 1202 624 1256 exhibent,
653 1202 726 1258 qui
753 1201 858 1245 mihi
886 1201 1056 1258 quidem
1084 1216 1169 1245 non
1197 1201 1370 1246 dubium
1400 1206 1466 1245 est
1494 1203 1595 1260 quin
1624 1202 1882 1261 depravatus
1910 1202 1968 1245 sit
1995 1216 2046 1245 ex
2075 1203 2273 1254 spatium,
2301 1202 2364 1244 ita
2393 1201 2567 1256 quidem

254 1294 304 1333 ut
330 1304 409 1346 pro
441 1288 843 1333 ACRESPEGTUM
872 1289 1053 1346 genuina
1081 1290 1295 1346 scriptura
1322 1290 1451 1335 fuerit
1479 1290 1666 1342 ATQUE
1696 1289 1955 1334 SPATIUM.

418 1379 463 1422 C.
483 1377 644 1430 XVIII,
664 1394 701 1422 v.
722 1379 787 1421 28.
833 1379 1008 1421 Brutum
1036 1393 1064 1422 a
1087 1379 1288 1424 Cicerone
1315 1383 1488 1424 otiosum
1516 1384 1640 1433 atque
1668 1359 1891 1423 diiunctum
1920 1379 2108 1422 audiisse
2136 1377 2298 1421 tamdiu
2316 1377 2566 1433 persuaderi

253 1467 358 1511 mihi
385 1480 470 1511 non
496 1468 657 1523 patiar,
687 1468 787 1510 dum
816 1468 971 1524 aliquis
1001 1467 1217 1523 epitheton
1243 1448 1363 1509 illud'
1381 1465 1525 1524 ἅπαξ,
1556 1467 1670 1522 quod
1697 1466 1832 1520 video,
1862 1467 1915 1508 de
1945 1469 2115 1508 oratore
2141 1464 2379 1522 λεγόμενον
2407 1466 2567 1508 diiunc-

252 1558 336 1596 tum
362 1577 418 1585 —-
445 1567 529 1596 non
558 1553 728 1609 quidem
757 1553 894 1597 altero
922 1553 1113 1610 exemplo
1141 1553 1396 1596 stabiliverit
1422 1555 1537 1607 (nam
1566 1567 1702 1609 neque
1730 1555 1967 1597 discinctum
1992 1554 2108 1609 quod
2134 1554 2256 1597 unice
2283 1567 2426 1596 verum
2448 1554 2565 1597 arbi-

251 1645 344 1684 tror
385 1640 500 1696 apud
544 1641 787 1684 Ciceronem
828 1642 940 1684 inter
978 1642 1183 1685 terminos
1224 1656 1330 1697 quos
1373 1643 1520 1686 dicunt
1558 1643 1665 1685 artis
1709 1643 1922 1685 oratoriae
1960 1641 2189 1695 invenitur)
2227 1641 2300 1683 sed
2340 1640 2422 1684 hoc
2471 1640 2567 1685 loco

250 1732 398 1784 aptum
427 1733 471 1771 et
498 1731 624 1771 otioso
651 1728 760 1771 bene
788 1729 982 1771 additum
1011 1742 1103 1771 esse
1132 1728 1235 1771 mihi
1263 1729 1518 1784 probaverit.
1577 1729 1658 1780 Qui
1685 1730 1810 1771 otiosi
1837 1733 1938 1771 sunt
1967 1728 2096 1770 iidem
2124 1728 2340 1780 discincti,
2381 1728 2454 1782 qui
2482 1727 2570 1770 dis-

250 1818 377 1860 cincti
417 1817 545 1860 iidem
583 1817 721 1860 otiosi.
778 1817 865 1859 Nec
906 1831 1008 1860 sane
1037 1821 1131 1860 erat
1158 1817 1331 1860 difficile
1358 1819 1402 1860 in
1443 1818 1524 1861 hoc
1560 1817 1832 1875 participium
1870 1815 2058 1859 incidere
2091 1830 2170 1859 nec
2205 1815 2414 1867 mirabar,
2455 1815 2565 1859 alios

251 1919 420 1961 quoque
449 1907 581 1962 (quod
610 1919 706 1949 sero
734 1906 949 1961 videbam)
977 1905 1089 1951 idem
1116 1906 1409 1962 proposuisse:
1439 1906 1521 1950 hoc
1549 1908 1700 1961 miror,
1730 1906 1979 1949 Michaelem
2006 1920 2059 1949 ne
2087 1919 2241 1961 operae
2269 1905 2439 1960 quidem
2459 1918 2557 1960 pre—

257 1994 363 2036 tium
393 1985 562 2036 duxisse
590 1993 714 2036 huius
742 1993 1009 2050 conjecturae
1036 1997 1085 2035 ut
1112 1995 1368 2037 mentionem
1395 1994 1565 2058 faceret.

418 2083 462 2125 G.
483 2082 607 2136 XXI,
635 2098 673 2126 v.
694 2083 759 2127 20.
816 2082 866 2125 In
905 2082 1115 2125 Caelianis
1156 2082 1419 2125 orationibus
1448 2115 1458 2124 .
1477 2117 1486 2125 .
1503 2118 1511 2126 .
1528 2117 1537 2126 .
1567 2086 1737 2127 nitorem
1782 2088 1818 2127 et
1860 2084 2116 2127 altitudinem
2151 2084 2296 2126 horum
2340 2087 2567 2136 temporum

253 2171 520 2222 aqnoscimus.
578 2170 731 2213 Sordes
758 2173 893 2212 autem
920 2182 1059 2211 rerum
1086 2172 1124 2211 et
1150 2168 1363 2211 verborum
1391 2173 1428 2210 et
1454 2169 1579 2212 hians
1607 2173 1840 2224 compositio
1883 2175 1921 2214 et
1964 2170 2161 2214 inconditi
2200 2183 2347 2213 sensus
2389 2169 2571 2213 redolent

253 2260 549 2309 antiquitatem.
605 2256 671 2298 lbi
699 2270 829 2310 quum
856 2255 1020 2310 priores
1049 2254 1234 2297 editores
1261 2255 1350 2297 fere
1385 2270 1530 2298 omnes
1568 2271 1647 2312 pro
1688 2257 1881 2299 codicum
1924 2257 2139 2312 scriptura
2181 2260 2381 2310 corrupta
2423 2256 2568 2299 sordes

252 2348 388 2387 autem
415 2343 552 2398 reyule
580 2342 917 2386 emendationem
944 2342 1086 2385 nescio
1115 2342 1235 2398 cujus
1263 2343 1405 2385 sordes
1444 2347 1580 2386 autem
1618 2343 1714 2387 illae
1754 2345 1939 2400 amplexi
1978 2350 2118 2388 essent
2133 2378 2143 2397 ,
2186 2346 2430 2387 felicissima
2468 2358 2570 2387 con·

247 2431 416 2486 jectura
442 2430 661 2474 Michaelis
689 2431 832 2473 sordes
861 2434 995 2473 autem
1023 2443 1162 2473 rerum
1190 2435 1227 2473 et
1254 2432 1375 2473 eruit.
1435 2432 1545 2474 Fieri
1572 2436 1716 2475 tamen
1742 2433 1905 2487 potuit,
1935 2437 1983 2475 ut
2003 2433 2174 2475 Tacitus
2202 2433 2419 2487 scripserit
2447 2434 2563 2488 quod

252 2534 280 2563 a
306 2520 545 2562 litterarum
575 2520 772 2562 ductibus
801 2520 977 2576 propius
1004 2520 1127 2562 abest
1155 2524 1199 2561 et
1226 2534 1320 2562 cum
1348 2521 1560 2564 sententia
1586 2522 1746 2577 optime
1772 2526 1941 2564 constat
1968 2522 2110 2565 sordes
2140 2526 2272 2564 autem
2292 2521 2494 2572 rejiculae.
2515 2547 2569 2553 —

250 2608 299 2650 ln
329 2609 603 2664 sequentibus
630 2613 684 2664 (v.
706 2610 777 2661 25)
805 2610 1075 2666 singulariter
1102 2620 1203 2651 sane
1232 2608 1391 2651 dictum
1419 2610 1472 2651 de
1501 2611 1544 2651 G.
1568 2610 1750 2653 Caesare
1777 2625 1872 2653 eum
1894 2615 2070 2664 propter
2108 2611 2424 2663 maqnitudinem
2463 2614 2569 2663 ’,ὀρί-

251 2698 450 2740 tationum
480 2701 516 2741 et
544 2700 828 2753 occupationes
856 2711 995 2741 rerum
1022 2699 1159 2740 minus
1187 2699 1232 2739 in
1261 2697 1491 2750 eloquentia
1518 2698 1707 2742 effecisse
1736 2712 1862 2751 quam
1892 2700 2075 2741 divinum
2099 2702 2185 2742 eius
2205 2701 2410 2751 inqenium
2422 2703 2570 2751 postu-

247 2784 382 2838 labat,
410 2785 486 2828 ubi
514 2788 821 2843 exspectaveris
849 2787 992 2842 potius
1022 2800 1150 2839 quam
1178 2790 1266 2830 eius
1292 2789 1499 2840 inqenium
1527 2788 1715 2841 pollebat.

414 2872 461 2917 G.
480 2873 612 2927 XXV,
630 2889 668 2917 v.
689 2875 755 2917 23.
814 2875 962 2916 Omnes
991 2878 1126 2916 tamen
1153 2874 1213 2929 (h.
1234 2888 1268 2917 e.
1288 2875 1474 2929 optimus
1513 2875 1693 2929 quisque
1730 2875 1923 2927 priorum
1961 2875 2196 2926 oratorum)
2239 2872 2407 2914 eandem
2451 2875 2570 2914 sani-

247 2964 374 3004 tatem
401 2961 653 3013 eloquentiae
681 2963 831 3015 ferunt.
887 2962 938 3004 In
964 2962 1031 3004 his
1059 2975 1109 3005 eo
1137 2963 1272 3017 magis
1300 2963 1492 3005 offendor
1520 2962 1701 3018 simplici
1728 2962 1803 3004 illo
1846 2963 1986 3016 ferunt
2024 2962 2159 3017 (quod
2202 2961 2344 3004 nescio
2389 2977 2445 3005 an
2485 2978 2570 3007 non

243 3048 380 3104 possit
406 3049 643 3103 commode,
686 3062 739 3092 ne
767 3063 819 3092 ex
847 3049 985 3093 Taciti
1012 3049 1191 3105 quidem>
1225 3050 1549 3104 consuetudine,
1593 3051 1816 3107 explicari)
1861 3052 1980 3106 quod
2022 3051 2172 3107 optimi
2213 3050 2379 3093 codices
2419 3055 2574 3094 serunt.

247 3136 463 3180 exhibent.
517 3137 615 3180 Jam
644 3138 776 3180 oculis
803 3138 1020 3193 perlustra
1060 3138 1299 3181 litterarum
1342 3141 1558 3181 texturam
1601 3139 1729 3182 nullis
1770 3140 2027 3194 diremptam
2070 3139 2329 3191 interstitiis,
2372 3140 2575 3195 dicesque

246 3224 456 3270 facillime
473 3225 662 3281 potuisse
680 3224 772 3269 fieri
791 3229 839 3269 ut
856 3225 1031 3270 voculae
1044 3237 1156 3279 prae
1174 3237 1218 3269 se
1235 3224 1418 3269 haustae
1438 3225 1607 3280 fuerint,
1627 3239 1808 3282 quarum
1827 3226 2048 3282 vestigium
2068 3225 2262 3269 relictum
2288 3225 2332 3268 in
2352 3239 2373 3267 s
2392 3228 2576 3283 (serunt)
