2912 3985
1399 207 1455 251 20

257 360 488 403 eorumque
529 348 699 391 casibus
728 349 1017 404 acquiescens,
1055 348 1172 391 nullo
1201 352 1424 404 praeterea
1449 348 1744 392 additamento
1772 348 1899 402 quale
1929 351 1996 389 est
2023 346 2235 400 beneficiis
2264 346 2440 390 adscito.
2497 347 2583 390 Sed

260 436 457 491 praestat
482 434 614 479 missa
642 433 904 491 aequalitate
933 433 1064 478 latine
1095 434 1235 478 dicere
1263 448 1393 491 quam
1421 434 1649 480 observata
1676 435 1905 491 infringere
1932 434 2202 479 latinitatem.

427 524 471 567 C.
508 523 575 576 VI,
603 538 640 566 v.
678 524 735 566 12.
776 523 924 568 Ullane
957 527 1073 567 tanta
1101 524 1334 578 ingentium
1371 536 1495 576 opum
1535 538 1586 567 ac
1622 537 1785 579 maynoe
1802 524 2002 577 potentioe
2027 522 2219 577 voluptas
2246 536 2373 578 quam
2401 530 2589 580 spectare

262 612 452 655 homines
479 614 634 654 veteres
671 614 711 653 et
743 625 861 654 senes
896 615 934 654 et
970 612 1098 654 totius
1126 611 1242 654 orbis
1266 611 1413 666 yratia
1440 611 1644 655 subnioeos
1671 611 1718 655 in
1745 625 1912 655 summa
1939 624 2082 653 rerum
2110 610 2297 654 omnium
2324 610 2590 657 abundantia

264 702 501 753 confitentes
525 698 573 741 id
601 698 710 752 quod
737 699 938 752 optimum
966 699 1025 741 sit
1051 713 1096 742 se
1123 713 1205 742 non
1232 699 1393 743 habere.
1460 699 1678 743 Acidalius
1705 704 1858 743 veteres
1886 716 1910 744 e
1936 703 2056 743 textu
2084 700 2316 744 eliminavit
2347 714 2485 755 neque
2512 701 2588 746 ille

265 789 433 844 injuria,
463 787 621 843 quippe
643 787 769 843 juxta
795 801 915 830 senes
944 787 1107 830 ferendi
1136 802 1221 830 non
1248 792 1357 830 sunt.
1415 787 1493 830 His
1522 789 1627 843 ipsis
1655 803 1754 831 vero
1783 789 1952 831 senibus
1980 792 2029 832 ut
2047 803 2140 832 cum
2161 789 2350 843 Hauptio
2378 791 2591 831 senatores

265 875 520 927 substituas,
549 874 656 918 nihil
684 889 791 930 opus
810 908 819 926 ,
858 876 1068 918 sexcentis
1103 875 1213 918 enim
1252 876 1356 919 locis
1392 888 1513 918 senes
1540 889 1619 930 pro
1648 877 1915 920 senatoribus
1945 877 2060 932 apud
2089 878 2321 933 scriptores
2349 879 2590 920 occurrunt.

266 963 355 1006 Nec
380 968 524 1006 tamen
551 964 643 1018 ipse
670 963 890 1006 Acidalius
921 963 1061 1006 locum
1088 963 1268 1016 videtur,
1302 963 1615 1018 persanavisse;
1656 964 1867 1007 sententia
1908 964 2126 1020 epitheton
2167 964 2340 1020 aliquod
2379 963 2592 1007 hominum

262 1051 388 1105 quale
417 1052 461 1093 id
491 1063 655 1105 cunque
684 1057 751 1094 est
778 1051 973 1105 flagitare
1002 1052 1168 1094 videtur
1196 1052 1298 1105 quia
1326 1055 1482 1106 praeter
1511 1065 1633 1093 senes
1661 1055 1705 1094 et
1734 1052 1875 1105 gratia
1895 1051 2097 1094 subnixos
2116 1052 2370 1105 relinquitur
2388 1056 2458 1094 sat
2474 1064 2593 1105 mag-

267 1153 345 1181 nus
391 1153 537 1181 eorum
580 1155 790 1194 numerus,
817 1139 971 1195 quibus
1001 1140 1043 1181 in
1073 1140 1182 1182 votis
1211 1144 1277 1182 est
1307 1140 1366 1182 vis
1387 1139 1567 1182 dicendi.
1626 1139 1737 1194 Ergo
1757 1138 2010 1183 crediderim
2030 1153 2109 1194 pro
2126 1143 2283 1184 veteres
2310 1139 2593 1192 scribendum,

271 1240 365 1271 esse
393 1228 554 1272 divites.

433 1315 477 1359 G.
503 1315 571 1368 VI,
592 1329 629 1358 v.
650 1316 716 1359 39.
748 1316 864 1358 Nam
892 1317 939 1359 in
967 1317 1134 1371 ingenio
1162 1328 1322 1370 quoquc
1345 1316 1457 1358 sicut
1495 1316 1542 1357 in
1570 1328 1698 1370 ayro,
1738 1327 1991 1369 quamquam
2019 1315 2109 1357 alia
2137 1316 2214 1357 diu
2240 1320 2439 1358 serantur
2466 1320 2590 1371 atque

264 1401 540 1456 elaborentur,
566 1402 763 1458 yratiora
793 1405 929 1446 tamen
958 1416 1050 1458 quoe
1076 1417 1155 1447 sua
1183 1405 1329 1457 sponte
1357 1405 1602 1446 nascuntur.
1660 1401 1753 1445 Diu
1797 1400 1900 1457 quid
1928 1401 2011 1445 sibi
2039 1402 2141 1445 velit
2167 1401 2283 1446 haud
2311 1402 2437 1447 facile
2464 1403 2594 1449 dicas.

265 1488 431 1545 Quippe
460 1489 658 1544 opposita
697 1494 797 1533 sunt
831 1505 925 1545 quae
968 1505 1045 1534 sua
1073 1493 1224 1546 sponte
1253 1493 1486 1533 nascuntur
1515 1490 1728 1542 serendis,
1757 1489 1912 1545 quibus
1939 1490 2045 1534 nihil
2074 1503 2169 1534 cum
2199 1491 2459 1546 longitudine
2487 1495 2597 1535 tem-

265 1575 381 1628 posis
410 1576 529 1629 (din)
558 1591 778 1621 commune
807 1583 882 1621 est.
942 1577 1117 1621 Tacitea
1150 1577 1362 1632 elegantia
1393 1592 1468 1632 per
1502 1576 1614 1620 hunc
1660 1575 1873 1632 dialogum
1911 1577 1976 1620 vel
2019 1577 2063 1620 in
2105 1576 2324 1620 minutulis
2366 1577 2595 1634 conspicua

265 1666 309 1704 et
336 1664 557 1717 aequaliter
585 1665 682 1707 susa
710 1665 990 1720 compositum
1018 1665 1131 1707 velut
1159 1668 1432 1707 conserantur
1459 1663 1653 1719 flagitare
1687 1663 1868 1716 videtur,
1893 1665 1949 1707 ad
1978 1663 2215 1720 exemplum
2235 1664 2493 1717 elaborandi,
2519 1666 2594 1709 sed

268 1753 376 1797 illud
406 1753 616 1808 quomodo
646 1753 765 1796 abire
793 1754 981 1809 potuerit
1007 1754 1049 1795 in
1079 1753 1155 1795 diu
1183 1756 1380 1795 serantur
1408 1767 1491 1795 non
1520 1752 1653 1794 video.
1711 1752 1845 1808 Igitur
1863 1753 1905 1795 in
1925 1757 2076 1808 aperto
2106 1753 2360 1809 corruptela,
2391 1767 2474 1796 non
2493 1754 2596 1797 item

270 1842 448 1885 medela.

435 1932 480 1973 G.
503 1929 617 1983 VllI,
645 1947 683 1974 v.
704 1931 770 1975 20.
830 1930 1056 1974 Marcellus
1086 1931 1240 1985 Eprius
1269 1934 1311 1973 et
1340 1931 1513 1985 Crispus
1545 1929 1692 1972 Vibius
1720 1928 1826 1972 artis
1855 1929 2054 1972 oratoriae
2085 1929 2298 1985 principes
2327 1943 2423 1973 cum
2451 1929 2597 1974 dican-

269 2025 341 2063 tur
361 2035 443 2074 per
472 2019 624 2061 multos
644 2019 742 2072 jam
770 2031 905 2061 annos
925 2018 1212 2071 potentissimi
1255 2018 1444 2060 civitatis
1473 2032 1523 2060 ac
1559 2018 1684 2061 donec
1716 2017 1837 2060 libuit
1865 2018 2090 2072 principes
2107 2018 2216 2073 fori,
2245 2031 2355 2061 nunc
2373 2018 2598 2073 principes

275 2109 323 2151 in
356 2109 543 2151 Goesaris
582 2108 777 2150 amicitia
805 2121 943 2161 agere,
974 2106 1089 2148 haud
1110 2108 1198 2148 scio
1227 2120 1282 2148 an
1320 2107 1491 2149 libuerit
1517 2106 1635 2162 (Fut.
1665 2109 1828 2165 exact.)
1858 2122 1884 2150 a
1912 2107 2120 2162 scriptore
2149 2107 2204 2148 sit
2231 2107 2468 2161 profectum
2497 2107 2600 2162 quia

273 2197 347 2252 qui
363 2198 462 2251 jam
489 2196 807 2251 potentissimus
837 2199 903 2237 est
930 2195 1130 2249 civitatis,
1161 2195 1228 2237 vix
1255 2194 1341 2237 alio
1370 2195 1497 2237 modo
1526 2195 1812 2250 principatum
1841 2197 2023 2238 retineat
2049 2196 2129 2237 nisi
2167 2200 2214 2237 ut
2257 2196 2299 2237 in
2328 2195 2422 2238 soro
2439 2199 2599 2250 regnet,

271 2285 499 2339 utrumque
523 2296 623 2348 vero
652 2282 765 2326 hunc
793 2282 1079 2338 principatum
1108 2283 1316 2326 volentem
1347 2282 1593 2338 deposuisse
1636 2283 1780 2337 (donec
1808 2284 1951 2338 libuit)
1980 2283 2048 2326 vix
2077 2283 2291 2325 credibile.
2349 2261 2600 2339 Uterque'a

270 2371 534 2427 Vespasiano
554 2385 648 2414 cum
673 2371 859 2425 quadam
887 2372 1119 2415 reverentia
1148 2372 1351 2425 diligitur,
1380 2372 1483 2425 quia
1519 2371 1819 2425 Vespasianus,
1847 2370 2098 2413 venerabilis
2124 2384 2250 2413 senex
2277 2374 2317 2413 et
2330 2371 2596 2424 patientissi-

274 2474 370 2503 mus
397 2461 500 2512 veri,
529 2460 628 2502 bene
655 2460 857 2513 intelleqit
884 2463 1040 2501 ceteros
1060 2459 1227 2512 quidem
1252 2460 1411 2501 anticos
1439 2460 1499 2500 iis
1527 2459 1609 2501 niti
1637 2473 1728 2512 quoe
1755 2458 1808 2500 ab
1837 2459 1930 2511 ipso
1959 2458 2195 2512 acceperint
2218 2491 2352 2502 .....
2411 2458 2594 2502 Marcel-

271 2549 360 2591 lum
389 2552 526 2591 antem
556 2552 594 2590 et
627 2549 827 2602 Crispum
856 2548 1050 2589 attulisse
1078 2548 1136 2589 ad
1164 2548 1398 2589 amicitiam
1425 2560 1550 2589 suam
1578 2547 1688 2600 quod
1714 2560 1796 2589 non
1824 2562 1852 2588 a
1870 2548 2070 2599 principe
2105 2547 2352 2599 acceperint.
2420 2547 2589 2589 Patien-

275 2637 486 2680 tissimum
515 2635 647 2679 fuisse
674 2635 763 2678 veri
791 2634 1114 2690 Vespasianum,
1142 2638 1191 2676 ut
1219 2634 1444 2686 credibile,
1474 2635 1537 2676 ita
1564 2634 1670 2677 nihil
1698 2634 1754 2676 ad
1782 2647 1885 2686 rem,
1914 2633 2188 2688 quamobrem
2217 2635 2272 2675 ad
2301 2646 2469 2675 sensum
2498 2646 2601 2677 sane

273 2729 389 2769 recte
420 2724 638 2768 Acidalius
668 2723 908 2768 emendavit
935 2723 1280 2776 sapientissimus
1307 2723 1387 2765 vir.
1434 2723 1642 2778 Equidem
1661 2723 1772 2765 hanc
1799 2723 1935 2778 ipsam
1965 2723 2218 2765 sententiam
2246 2722 2384 2765 inesse
2413 2722 2601 2766 arbitror

271 2815 419 2860 leviori
446 2814 673 2859 mutationi
693 2813 1067 2868 prudentissimus
1095 2812 1196 2865 veri,
1225 2817 1315 2855 tam
1342 2812 1540 2868 frigidum
1570 2812 1680 2856 enim
1717 2816 1761 2854 et
1794 2815 1989 2867 argutum
2023 2812 2140 2854 senis
2174 2816 2218 2854 et
2255 2811 2339 2853 viri
2376 2811 2600 2855 discrimen

273 2904 423 2947 Tacito
452 2917 537 2947 non
565 2902 861 2959 imputandum
890 2916 981 2945 esse
1009 2901 1209 2947 arbitror.

438 2992 483 3032 O.
503 2993 552 3043 X,
573 3005 610 3034 v.
632 2991 697 3033 25.
763 2990 816 3032 Ut
836 2990 877 3032 si
900 2990 943 3031 in
964 2989 1124 3030 Graecis
1143 2993 1268 3031 natus
1284 3003 1404 3039 esses,
1423 2989 1497 3031 ubi
1523 2988 1705 3030 ludicras
1723 3001 1885 3039 quoque
1904 2993 2014 3032 artes
2034 3001 2223 3031 exercere
2240 2988 2451 3029 honestum
2470 2990 2570 3028 est..
2590 3020 2599 3029 .

271 3094 356 3123 non
378 3084 549 3132 paterer
578 3081 776 3121 immanes
804 3081 903 3120 istos
933 3082 970 3120 ct
999 3078 1058 3120 ad
1077 3091 1265 3131 puqnam
1293 3083 1414 3120 'vatos
1442 3078 1614 3120 lacertos
1643 3077 1802 3118 levitate
1820 3077 1956 3130 jacula·
1984 3082 2057 3119 ant
2085 3080 2196 3118 iactu
2232 3076 2336 3116 disci
2367 3087 2596 3124 vanescere,

272 3171 329 3211 sic
357 3182 466 3211 nunc
495 3172 530 3210 te
560 3168 614 3211 ab
642 3167 864 3210 auditoriis
893 3171 930 3209 et
957 3167 1127 3209 theatris
1156 3168 1201 3208 in
1228 3167 1366 3219 forum
1396 3169 1433 3207 et
1461 3164 1519 3206 ad
1545 3177 1697 3206 causas
1727 3168 1763 3206 et
1800 3164 1859 3207 ad
1893 3178 1991 3207 vera
2018 3162 2185 3217 proeliae
2213 3173 2319 3203 voco.
2387 3159 2600 3213 Notabile,

273 3256 398 3313 hujus
426 3256 634 3298 enuntiati
673 3255 850 3310 quodvis
891 3255 1126 3296 membrum
1167 3253 1417 3309 bipartitum
1458 3252 1598 3295 efferri
1638 3252 1874 3301 (immanes
1916 3256 1961 3295 et
2000 3252 2055 3294 ad
2091 3264 2217 3305 pugn.
2247 3253 2372 3292 natos
2401 3248 2599 3302 lacertos,
