<?xml version="1.0" encoding="UTF-8"?>
<!DOCTYPE html PUBLIC "-//W3C//DTD XHTML 1.0 Transitional//EN"
    "http://www.w3.org/TR/xhtml1/DTD/xhtml1-transitional.dtd">
<html xmlns="http://www.w3.org/1999/xhtml" xml:lang="en" lang="en">
 <head>
  <title>
</title>
<meta http-equiv="Content-Type" content="text/html;charset=utf-8" />
  <meta name='ocr-system' content='tesseract 3.04.00' />
  <meta name='ocr-capabilities' content='ocr_page ocr_carea ocr_par ocr_line ocrx_word'/>
</head>
<body>
  <div class='ocr_page' id='page_1' title='image "4629223_0016.png"; bbox 0 0 2912 3985; ppageno 0'>
   <div class='ocr_carea' id='block_1_1' title="bbox 1463 187 1491 229">
    <p class='ocr_par' dir='ltr' id='par_1_1' title="bbox 1463 187 1491 229">
     <span class='ocr_line' id='line_1_1' title="bbox 1463 187 1491 229; baseline 0 0"><span class='ocrx_word' id='word_1_1' title='bbox 1463 187 1491 229; x_wconf 88' lang='lat'>8</span> 
     </span>
    </p>
   </div>
   <div class='ocr_carea' id='block_1_2' title="bbox 1381 262 1571 267">
    <p class='ocr_par' dir='ltr' id='par_1_2' title="bbox 1381 262 1571 267">
     <span class='ocr_line' id='line_1_2' title="bbox 1381 262 1571 267; baseline 0 0"><span class='ocrx_word' id='word_1_2' title='bbox 1381 262 1571 267; x_wconf 95' lang='lat' dir='ltr'> </span> 
     </span>
    </p>
   </div>
   <div class='ocr_carea' id='block_1_3' title="bbox 293 333 2638 3029">
    <p class='ocr_par' dir='ltr' id='par_1_3' title="bbox 307 333 2638 565">
     <span class='ocr_line' id='line_1_3' title="bbox 308 333 2638 392; baseline 0.003 -18"><span class='ocrx_word' id='word_1_3' title='bbox 308 334 485 387; x_wconf 80' lang='lat' dir='ltr'><strong>Augusti</strong></span> <span class='ocrx_word' id='word_1_4' title='bbox 514 333 752 375; x_wconf 89' lang='lat' dir='ltr'>communio</span> <span class='ocrx_word' id='word_1_5' title='bbox 772 347 868 376; x_wconf 91' lang='lat' dir='ltr'>cum</span> <span class='ocrx_word' id='word_1_6' title='bbox 896 337 1134 377; x_wconf 89' lang='lat' dir='ltr'>ceterorum</span> <span class='ocrx_word' id='word_1_7' title='bbox 1163 334 1291 377; x_wconf 86' lang='lat' dir='ltr'>rebus</span> <span class='ocrx_word' id='word_1_8' title='bbox 1319 334 1564 378; x_wconf 77' lang='lat' dir='ltr'>hominum?</span> <span class='ocrx_word' id='word_1_9' title='bbox 1597 348 1704 390; x_wconf 88' lang='lat' dir='ltr'>quas</span> <span class='ocrx_word' id='word_1_10' title='bbox 1726 349 1802 378; x_wconf 91' lang='lat' dir='ltr'>cur</span> <span class='ocrx_word' id='word_1_11' title='bbox 1830 341 1924 379; x_wconf 87' lang='lat' dir='ltr'>erat</span> <span class='ocrx_word' id='word_1_12' title='bbox 1950 337 2100 392; x_wconf 87' lang='lat' dir='ltr'>dignus</span> <span class='ocrx_word' id='word_1_13' title='bbox 2129 339 2201 392; x_wconf 92' lang='lat' dir='ltr'>qui</span> <span class='ocrx_word' id='word_1_14' title='bbox 2228 352 2281 381; x_wconf 74' lang='lat' dir='ltr'>ex</span> <span class='ocrx_word' id='word_1_15' title='bbox 2308 342 2394 382; x_wconf 76' lang='lat' dir='ltr'>tuto</span> <span class='ocrx_word' id='word_1_16' title='bbox 2422 341 2638 384; x_wconf 75' lang='lat' dir='ltr'>cerneret?</span> 
     </span>
     <span class='ocr_line' id='line_1_4' title="bbox 308 421 2637 483; baseline 0.003 -20"><span class='ocrx_word' id='word_1_17' title='bbox 308 421 478 474; x_wconf 88' lang='lat' dir='ltr'>deinde,</span> <span class='ocrx_word' id='word_1_18' title='bbox 507 424 654 464; x_wconf 88' lang='lat' dir='ltr'>cernat</span> <span class='ocrx_word' id='word_1_19' title='bbox 695 435 773 464; x_wconf 88' lang='lat' dir='ltr'>nec</span> <span class='ocrx_word' id='word_1_20' title='bbox 798 435 875 474; x_wconf 87' lang='lat' dir='ltr'>ne,</span> <span class='ocrx_word' id='word_1_21' title='bbox 920 423 1021 476; x_wconf 90' lang='lat' dir='ltr'>quid</span> <span class='ocrx_word' id='word_1_22' title='bbox 1051 422 1132 465; x_wconf 93' lang='lat' dir='ltr'>hoc</span> <span class='ocrx_word' id='word_1_23' title='bbox 1158 423 1298 477; x_wconf 88' lang='lat' dir='ltr'>ipsum</span> <span class='ocrx_word' id='word_1_24' title='bbox 1327 423 1382 466; x_wconf 91' lang='lat' dir='ltr'>ad</span> <span class='ocrx_word' id='word_1_25' title='bbox 1411 424 1538 465; x_wconf 82' lang='lat' dir='ltr'>Dmsi</span> <span class='ocrx_word' id='word_1_26' title='bbox 1563 424 1770 467; x_wconf 74' lang='lat' dir='ltr'>mort-em?</span> <span class='ocrx_word' id='word_1_27' title='bbox 1828 426 2160 480; x_wconf 87' lang='lat' dir='ltr'>Acquiescerem‚</span> <span class='ocrx_word' id='word_1_28' title='bbox 2189 427 2225 468; x_wconf 91' lang='lat' dir='ltr'>si</span> <span class='ocrx_word' id='word_1_29' title='bbox 2254 428 2364 469; x_wconf 86' lang='lat' dir='ltr'>hanc</span> <span class='ocrx_word' id='word_1_30' title='bbox 2391 427 2479 471; x_wconf 81' lang='lat' dir='ltr'>fere</span> <span class='ocrx_word' id='word_1_31' title='bbox 2509 433 2637 483; x_wconf 87' lang='lat' dir='ltr'>poeta</span> 
     </span>
     <span class='ocr_line' id='line_1_5' title="bbox 307 508 1161 565; baseline 0.005 -17"><span class='ocrx_word' id='word_1_32' title='bbox 307 508 559 550; x_wconf 83' lang='lat' dir='ltr'>sententiam</span> <span class='ocrx_word' id='word_1_33' title='bbox 576 509 642 550; x_wconf 82' lang='lat' dir='ltr'>vel</span> <span class='ocrx_word' id='word_1_34' title='bbox 671 509 849 552; x_wconf 86' lang='lat' dir='ltr'>similem</span> <span class='ocrx_word' id='word_1_35' title='bbox 866 510 1161 565; x_wconf 81' lang='lat' dir='ltr'>procudisset:</span> 
     </span>
    </p>

    <p class='ocr_par' dir='ltr' id='par_1_4' title="bbox 471 596 1546 652">
     <span class='ocr_line' id='line_1_6' title="bbox 471 596 1546 652; baseline 0.002 -14"><span class='ocrx_word' id='word_1_36' title='bbox 471 596 547 638; x_wconf 90' lang='lat' dir='ltr'>llle</span> <span class='ocrx_word' id='word_1_37' title='bbox 578 597 678 649; x_wconf 84' lang='lat' dir='ltr'>vigil</span> <span class='ocrx_word' id='word_1_38' title='bbox 707 610 872 639; x_wconf 89' lang='lat' dir='ltr'>summa</span> <span class='ocrx_word' id='word_1_39' title='bbox 902 611 1023 640; x_wconf 88' lang='lat' dir='ltr'>sacer</span> <span class='ocrx_word' id='word_1_40' title='bbox 1050 599 1141 652; x_wconf 89' lang='lat' dir='ltr'>ipse</span> <span class='ocrx_word' id='word_1_41' title='bbox 1169 599 1334 640; x_wconf 82' lang='lat' dir='ltr'>locatus</span> <span class='ocrx_word' id='word_1_42' title='bbox 1363 598 1406 639; x_wconf 90' lang='lat' dir='ltr'>in</span> <span class='ocrx_word' id='word_1_43' title='bbox 1435 611 1546 651; x_wconf 84' lang='lat' dir='ltr'>arce,</span> 
     </span>
    </p>

    <p class='ocr_par' dir='ltr' id='par_1_5' title="bbox 470 686 1477 741">
     <span class='ocr_line' id='line_1_7' title="bbox 470 686 1477 741; baseline 0.001 -15"><span class='ocrx_word' id='word_1_44' title='bbox 470 699 546 726; x_wconf 76' lang='lat' dir='ltr'>rex</span> <span class='ocrx_word' id='word_1_45' title='bbox 574 686 806 739; x_wconf 90' lang='lat' dir='ltr'>hominum,</span> <span class='ocrx_word' id='word_1_46' title='bbox 834 687 880 728; x_wconf 78' lang='lat' dir='ltr'>in</span> <span class='ocrx_word' id='word_1_47' title='bbox 906 691 1000 728; x_wconf 87' lang='lat' dir='ltr'>tuto</span> <span class='ocrx_word' id='word_1_48' title='bbox 1020 687 1164 741; x_wconf 75' lang='lat' dir='ltr'>deyere</span> <span class='ocrx_word' id='word_1_49' title='bbox 1194 687 1344 739; x_wconf 87' lang='lat' dir='ltr'>dignus</span> <span class='ocrx_word' id='word_1_50' title='bbox 1373 692 1477 729; x_wconf 89' lang='lat' dir='ltr'>erat.</span> 
     </span>
    </p>

    <p class='ocr_par' dir='ltr' id='par_1_6' title="bbox 467 773 2636 834">
     <span class='ocr_line' id='line_1_8' title="bbox 467 773 2636 834; baseline 0.003 -19"><span class='ocrx_word' id='word_1_51' title='bbox 467 773 550 815; x_wconf 85' lang='lat' dir='ltr'>Sed</span> <span class='ocrx_word' id='word_1_52' title='bbox 577 787 751 815; x_wconf 89' lang='lat' dir='ltr'>manum</span> <span class='ocrx_word' id='word_1_53' title='bbox 779 773 969 826; x_wconf 89' lang='lat' dir='ltr'>cohibeo,</span> <span class='ocrx_word' id='word_1_54' title='bbox 999 788 1083 817; x_wconf 92' lang='lat' dir='ltr'>non</span> <span class='ocrx_word' id='word_1_55' title='bbox 1112 775 1222 817; x_wconf 90' lang='lat' dir='ltr'>enim</span> <span class='ocrx_word' id='word_1_56' title='bbox 1251 779 1340 817; x_wconf 87' lang='lat' dir='ltr'>tam</span> <span class='ocrx_word' id='word_1_57' title='bbox 1369 775 1664 817; x_wconf 79' lang='lat' dir='ltr'>emendatione</span> <span class='ocrx_word' id='word_1_58' title='bbox 1694 789 1799 830; x_wconf 92' lang='lat' dir='ltr'>opus</span> <span class='ocrx_word' id='word_1_59' title='bbox 1828 789 1920 818; x_wconf 84' lang='lat' dir='ltr'>esse</span> <span class='ocrx_word' id='word_1_60' title='bbox 1940 790 2066 831; x_wconf 89' lang='lat' dir='ltr'>quam</span> <span class='ocrx_word' id='word_1_61' title='bbox 2088 781 2258 831; x_wconf 86' lang='lat' dir='ltr'>poetam</span> <span class='ocrx_word' id='word_1_62' title='bbox 2290 780 2469 822; x_wconf 89' lang='lat' dir='ltr'>tumoris</span> <span class='ocrx_word' id='word_1_63' title='bbox 2508 784 2636 834; x_wconf 90' lang='lat' dir='ltr'>atque</span> 
     </span>
    </p>

    <p class='ocr_par' dir='ltr' id='par_1_7' title="bbox 331 861 2314 918">
     <span class='ocr_line' id='line_1_9' title="bbox 331 861 2314 918; baseline 0.002 -16"><span class='ocrx_word' id='word_1_64' title='bbox 331 861 614 915; x_wconf 81' lang='lat' dir='ltr'><strong>ampullarum</strong></span> <span class='ocrx_word' id='word_1_65' title='bbox 643 876 761 903; x_wconf 89' lang='lat' dir='ltr'>reum</span> <span class='ocrx_word' id='word_1_66' title='bbox 788 862 1028 904; x_wconf 84' lang='lat' dir='ltr'>faciendum</span> <span class='ocrx_word' id='word_1_67' title='bbox 1058 877 1220 905; x_wconf 89' lang='lat' dir='ltr'>censeo.</span> <span class='ocrx_word' id='word_1_68' title='bbox 1249 888 1303 894; x_wconf 93' lang='lat'>—</span> <span class='ocrx_word' id='word_1_69' title='bbox 1346 865 1560 918; x_wconf 84' lang='lat' dir='ltr'><strong>Agrippa,</strong></span> <span class='ocrx_word' id='word_1_70' title='bbox 1592 862 1773 917; x_wconf 83' lang='lat' dir='ltr'>Augusti</span> <span class='ocrx_word' id='word_1_71' title='bbox 1802 876 1967 917; x_wconf 89' lang='lat' dir='ltr'>genero,</span> <span class='ocrx_word' id='word_1_72' title='bbox 1997 863 2064 903; x_wconf 84' lang='lat' dir='ltr'>vix</span> <span class='ocrx_word' id='word_1_73' title='bbox 2093 862 2314 905; x_wconf 89' lang='lat' dir='ltr'>inhumato</span> 
     </span>
    </p>

    <p class='ocr_par' dir='ltr' id='par_1_8' title="bbox 460 947 1325 1001">
     <span class='ocr_line' id='line_1_10' title="bbox 460 947 1325 1001; baseline 0.002 -13"><span class='ocrx_word' id='word_1_74' title='bbox 460 948 633 1001; x_wconf 76' lang='lat' dir='ltr'>perficit</span> <span class='ocrx_word' id='word_1_75' title='bbox 664 947 848 989; x_wconf 79' lang='lat' dir='ltr'>officium</span> <span class='ocrx_word' id='word_1_76' title='bbox 878 948 1037 990; x_wconf 85' lang='lat' dir='ltr'>funeris</span> <span class='ocrx_word' id='word_1_77' title='bbox 1066 962 1162 990; x_wconf 88' lang='lat' dir='ltr'>ecce</span> <span class='ocrx_word' id='word_1_78' title='bbox 1192 962 1325 994; x_wconf 85' lang='lat' dir='ltr'>soror.</span> 
     </span>
    </p>

    <p class='ocr_par' dir='ltr' id='par_1_9' title="bbox 479 1036 1594 1080">
     <span class='ocr_line' id='line_1_11' title="bbox 479 1036 1594 1080; baseline 0.001 -2"><span class='ocrx_word' id='word_1_79' title='bbox 479 1036 590 1078; x_wconf 86' lang='lat' dir='ltr'>Ecce</span> <span class='ocrx_word' id='word_1_80' title='bbox 619 1040 682 1078; x_wconf 79' lang='lat' dir='ltr'>ter</span> <span class='ocrx_word' id='word_1_81' title='bbox 710 1039 805 1079; x_wconf 73' lang='lat' dir='ltr'>ante</span> <span class='ocrx_word' id='word_1_82' title='bbox 835 1037 951 1079; x_wconf 75' lang='lat' dir='ltr'>datis</span> <span class='ocrx_word' id='word_1_83' title='bbox 978 1037 1146 1079; x_wconf 89' lang='lat' dir='ltr'>iactura</span> <span class='ocrx_word' id='word_1_84' title='bbox 1174 1038 1403 1080; x_wconf 87' lang='lat' dir='ltr'>novissima</span> <span class='ocrx_word' id='word_1_85' title='bbox 1432 1037 1594 1080; x_wconf 84' lang='lat' dir='ltr'>Drusus</span> 
     </span>
    </p>

    <p class='ocr_par' dir='ltr' id='par_1_10' title="bbox 466 1123 1813 1180">
     <span class='ocr_line' id='line_1_12' title="bbox 466 1123 1813 1180; baseline 0.002 -14"><span class='ocrx_word' id='word_1_86' title='bbox 466 1137 493 1166; x_wconf 88' lang='lat' dir='ltr'>a</span> <span class='ocrx_word' id='word_1_87' title='bbox 521 1137 675 1178; x_wconf 87' lang='lat' dir='ltr'>magno</span> <span class='ocrx_word' id='word_1_88' title='bbox 705 1123 905 1167; x_wconf 81' lang='lat' dir='ltr'><strong>lacrimas</strong></span> <span class='ocrx_word' id='word_1_89' title='bbox 935 1125 1101 1168; x_wconf 85' lang='lat' dir='ltr'>Caesare</span> <span class='ocrx_word' id='word_1_90' title='bbox 1130 1129 1307 1179; x_wconf 86' lang='lat' dir='ltr'>quartus</span> <span class='ocrx_word' id='word_1_91' title='bbox 1337 1125 1468 1168; x_wconf 89' lang='lat' dir='ltr'>habet</span> <span class='ocrx_word' id='word_1_92' title='bbox 1496 1127 1551 1179; x_wconf 85' lang='lat' dir='ltr'>(v.</span> <span class='ocrx_word' id='word_1_93' title='bbox 1581 1123 1634 1167; x_wconf 82' lang='lat'>69</span> <span class='ocrx_word' id='word_1_94' title='bbox 1664 1125 1813 1180; x_wconf 72' lang='lat' dir='ltr'>seqq).</span> 
     </span>
    </p>

    <p class='ocr_par' dir='ltr' id='par_1_11' title="bbox 293 1210 2633 1885">
     <span class='ocr_line' id='line_1_13' title="bbox 465 1210 2628 1269; baseline 0.001 -16"><span class='ocrx_word' id='word_1_95' title='bbox 465 1210 515 1253; x_wconf 93' lang='lat' dir='ltr'>In</span> <span class='ocrx_word' id='word_1_96' title='bbox 544 1211 609 1254; x_wconf 86' lang='lat' dir='ltr'>his</span> <span class='ocrx_word' id='word_1_97' title='bbox 639 1211 794 1254; x_wconf 89' lang='lat' dir='ltr'>falsum</span> <span class='ocrx_word' id='word_1_98' title='bbox 816 1225 908 1255; x_wconf 88' lang='lat' dir='ltr'>esse</span> <span class='ocrx_word' id='word_1_99' title='bbox 925 1212 1031 1255; x_wconf 87' lang='lat' dir='ltr'>vidit</span> <span class='ocrx_word' id='word_1_100' title='bbox 1049 1211 1216 1267; x_wconf 81' lang='lat' dir='ltr'>Lipsius</span> <span class='ocrx_word' id='word_1_101' title='bbox 1241 1212 1410 1267; x_wconf 76' lang='lat' dir='ltr'>perficit</span> <span class='ocrx_word' id='word_1_102' title='bbox 1437 1212 1643 1268; x_wconf 60' lang='lat' dir='ltr'>officium</span> <span class='ocrx_word' id='word_1_103' title='bbox 1678 1225 1756 1255; x_wconf 91' lang='lat' dir='ltr'>nec</span> <span class='ocrx_word' id='word_1_104' title='bbox 1782 1216 1877 1255; x_wconf 89' lang='lat' dir='ltr'>erat</span> <span class='ocrx_word' id='word_1_105' title='bbox 1914 1212 2084 1255; x_wconf 87' lang='lat' dir='ltr'>difficile</span> <span class='ocrx_word' id='word_1_106' title='bbox 2109 1210 2261 1255; x_wconf 87' lang='lat' dir='ltr'>videre.</span> <span class='ocrx_word' id='word_1_107' title='bbox 2321 1211 2377 1254; x_wconf 88' lang='lat' dir='ltr'>At</span> <span class='ocrx_word' id='word_1_108' title='bbox 2406 1212 2509 1267; x_wconf 90' lang='lat' dir='ltr'>quid</span> <span class='ocrx_word' id='word_1_109' title='bbox 2539 1213 2628 1269; x_wconf 83' lang='lat' dir='ltr'>ejus</span> 
     </span>
     <span class='ocr_line' id='line_1_14' title="bbox 299 1301 2633 1357; baseline -0 -14"><span class='ocrx_word' id='word_1_110' title='bbox 299 1303 543 1357; x_wconf 88' lang='lat' dir='ltr'>conjectura</span> <span class='ocrx_word' id='word_1_111' title='bbox 566 1301 751 1354; x_wconf 73' lang='lat' dir='ltr'>percipit</span> <span class='ocrx_word' id='word_1_112' title='bbox 790 1301 1016 1354; x_wconf 88' lang='lat' dir='ltr'>lucremur,</span> <span class='ocrx_word' id='word_1_113' title='bbox 1046 1302 1241 1356; x_wconf 86' lang='lat' dir='ltr'>equidem</span> <span class='ocrx_word' id='word_1_114' title='bbox 1271 1316 1354 1343; x_wconf 86' lang='lat' dir='ltr'>non</span> <span class='ocrx_word' id='word_1_115' title='bbox 1382 1303 1524 1353; x_wconf 87' lang='lat' dir='ltr'>video,</span> <span class='ocrx_word' id='word_1_116' title='bbox 1555 1302 1627 1356; x_wconf 92' lang='lat' dir='ltr'>qui</span> <span class='ocrx_word' id='word_1_117' title='bbox 1656 1302 1967 1344; x_wconf 84' lang='lat' dir='ltr'>emendandum</span> <span class='ocrx_word' id='word_1_118' title='bbox 1995 1317 2086 1345; x_wconf 90' lang='lat' dir='ltr'>esse</span> <span class='ocrx_word' id='word_1_119' title='bbox 2108 1302 2294 1355; x_wconf 70' lang='lat' dir='ltr'>praebuit</span> <span class='ocrx_word' id='word_1_120' title='bbox 2319 1301 2503 1344; x_wconf 79' lang='lat' dir='ltr'>officium</span> <span class='ocrx_word' id='word_1_121' title='bbox 2534 1314 2633 1342; x_wconf 90' lang='lat' dir='ltr'>cen-</span> 
     </span>
     <span class='ocr_line' id='line_1_15' title="bbox 296 1389 2623 1443; baseline 0 -12"><span class='ocrx_word' id='word_1_122' title='bbox 296 1404 424 1431; x_wconf 86' lang='lat' dir='ltr'>seam.</span> <span class='ocrx_word' id='word_1_123' title='bbox 482 1389 654 1430; x_wconf 80' lang='lat' dir='ltr'>Scilicet</span> <span class='ocrx_word' id='word_1_124' title='bbox 675 1389 853 1431; x_wconf 85' lang='lat' dir='ltr'>Octavia</span> <span class='ocrx_word' id='word_1_125' title='bbox 881 1403 1003 1431; x_wconf 88' lang='lat' dir='ltr'>soror</span> <span class='ocrx_word' id='word_1_126' title='bbox 1030 1389 1121 1431; x_wconf 88' lang='lat' dir='ltr'>fato</span> <span class='ocrx_word' id='word_1_127' title='bbox 1140 1390 1286 1431; x_wconf 73' lang='lat' dir='ltr'>iuncta</span> <span class='ocrx_word' id='word_1_128' title='bbox 1307 1391 1494 1442; x_wconf 86' lang='lat' dir='ltr'>Augusto</span> <span class='ocrx_word' id='word_1_129' title='bbox 1514 1390 1715 1443; x_wconf 80' lang='lat' dir='ltr'>imposuit</span> <span class='ocrx_word' id='word_1_130' title='bbox 1736 1391 2052 1441; x_wconf 88' lang='lat' dir='ltr'>necessitatem,</span> <span class='ocrx_word' id='word_1_131' title='bbox 2082 1395 2128 1432; x_wconf 89' lang='lat' dir='ltr'>ut</span> <span class='ocrx_word' id='word_1_132' title='bbox 2157 1390 2301 1433; x_wconf 86' lang='lat' dir='ltr'>funere</span> <span class='ocrx_word' id='word_1_133' title='bbox 2333 1404 2426 1432; x_wconf 88' lang='lat' dir='ltr'>eam</span> <span class='ocrx_word' id='word_1_134' title='bbox 2455 1395 2623 1432; x_wconf 80' lang='lat' dir='ltr'>curaret</span> 
     </span>
     <span class='ocr_line' id='line_1_16' title="bbox 293 1476 2628 1532; baseline -0.001 -14"><span class='ocrx_word' id='word_1_135' title='bbox 293 1476 560 1519; x_wconf 84' lang='lat' dir='ltr'>efferendam.</span> <span class='ocrx_word' id='word_1_136' title='bbox 622 1478 676 1518; x_wconf 91' lang='lat' dir='ltr'>At</span> <span class='ocrx_word' id='word_1_137' title='bbox 715 1476 809 1519; x_wconf 87' lang='lat' dir='ltr'>vide</span> <span class='ocrx_word' id='word_1_138' title='bbox 839 1490 924 1531; x_wconf 88' lang='lat' dir='ltr'>qua</span> <span class='ocrx_word' id='word_1_139' title='bbox 951 1480 1079 1531; x_wconf 90' lang='lat' dir='ltr'>poeta</span> <span class='ocrx_word' id='word_1_140' title='bbox 1107 1478 1272 1519; x_wconf 88' lang='lat' dir='ltr'>ratione</span> <span class='ocrx_word' id='word_1_141' title='bbox 1302 1491 1386 1519; x_wconf 90' lang='lat' dir='ltr'>non</span> <span class='ocrx_word' id='word_1_142' title='bbox 1412 1481 1500 1518; x_wconf 84' lang='lat' dir='ltr'>tam</span> <span class='ocrx_word' id='word_1_143' title='bbox 1528 1477 1690 1519; x_wconf 89' lang='lat' dir='ltr'>scilicet</span> <span class='ocrx_word' id='word_1_144' title='bbox 1718 1481 1872 1519; x_wconf 88' lang='lat' dir='ltr'>ornata</span> <span class='ocrx_word' id='word_1_145' title='bbox 1899 1491 2025 1532; x_wconf 79' lang='lat' dir='ltr'>quarn</span> <span class='ocrx_word' id='word_1_146' title='bbox 2054 1477 2205 1531; x_wconf 86' lang='lat' dir='ltr'>putida</span> <span class='ocrx_word' id='word_1_147' title='bbox 2233 1480 2275 1518; x_wconf 90' lang='lat' dir='ltr'>et</span> <span class='ocrx_word' id='word_1_148' title='bbox 2305 1476 2508 1518; x_wconf 83' lang='lat' dir='ltr'>affectata</span> <span class='ocrx_word' id='word_1_149' title='bbox 2541 1488 2628 1517; x_wconf 91' lang='lat' dir='ltr'>mo-</span> 
     </span>
     <span class='ocr_line' id='line_1_17' title="bbox 297 1563 2630 1620; baseline -0.002 -13"><span class='ocrx_word' id='word_1_150' title='bbox 297 1566 433 1608; x_wconf 89' lang='lat' dir='ltr'>riendi</span> <span class='ocrx_word' id='word_1_151' title='bbox 464 1579 608 1607; x_wconf 89' lang='lat' dir='ltr'>casum</span> <span class='ocrx_word' id='word_1_152' title='bbox 638 1579 665 1607; x_wconf 91' lang='lat' dir='ltr'>a</span> <span class='ocrx_word' id='word_1_153' title='bbox 693 1566 1003 1619; x_wconf 89' lang='lat' dir='ltr'>consanguineo</span> <span class='ocrx_word' id='word_1_154' title='bbox 1033 1566 1218 1620; x_wconf 85' lang='lat' dir='ltr'>quodam</span> <span class='ocrx_word' id='word_1_155' title='bbox 1248 1566 1446 1608; x_wconf 82' lang='lat' dir='ltr'>defletum</span> <span class='ocrx_word' id='word_1_156' title='bbox 1477 1566 1622 1607; x_wconf 85' lang='lat' dir='ltr'>effert!</span> <span class='ocrx_word' id='word_1_157' title='bbox 1660 1565 1752 1607; x_wconf 90' lang='lat' dir='ltr'>Hoc</span> <span class='ocrx_word' id='word_1_158' title='bbox 1781 1564 1950 1607; x_wconf 90' lang='lat' dir='ltr'>dicendi</span> <span class='ocrx_word' id='word_1_159' title='bbox 1977 1578 2107 1618; x_wconf 86' lang='lat' dir='ltr'>genus</span> <span class='ocrx_word' id='word_1_160' title='bbox 2134 1564 2261 1606; x_wconf 88' lang='lat' dir='ltr'>fallor</span> <span class='ocrx_word' id='word_1_161' title='bbox 2289 1568 2364 1605; x_wconf 90' lang='lat' dir='ltr'>aut</span> <span class='ocrx_word' id='word_1_162' title='bbox 2393 1563 2522 1605; x_wconf 88' lang='lat' dir='ltr'>habet</span> <span class='ocrx_word' id='word_1_163' title='bbox 2553 1563 2630 1604; x_wconf 86' lang='lat' dir='ltr'>ali-</span> 
     </span>
     <span class='ocr_line' id='line_1_18' title="bbox 297 1651 2630 1709; baseline -0.002 -14"><span class='ocrx_word' id='word_1_164' title='bbox 297 1655 400 1709; x_wconf 90' lang='lat' dir='ltr'>quid</span> <span class='ocrx_word' id='word_1_165' title='bbox 428 1654 581 1695; x_wconf 87' lang='lat' dir='ltr'>novicii</span> <span class='ocrx_word' id='word_1_166' title='bbox 610 1655 794 1708; x_wconf 89' lang='lat' dir='ltr'>saporis:</span> <span class='ocrx_word' id='word_1_167' title='bbox 837 1654 1000 1694; x_wconf 88' lang='lat' dir='ltr'>Drusus</span> <span class='ocrx_word' id='word_1_168' title='bbox 1029 1667 1056 1694; x_wconf 90' lang='lat' dir='ltr'>a</span> <span class='ocrx_word' id='word_1_169' title='bbox 1084 1668 1236 1707; x_wconf 89' lang='lat' dir='ltr'>magno</span> <span class='ocrx_word' id='word_1_170' title='bbox 1267 1654 1366 1694; x_wconf 86' lang='lat' dir='ltr'>laer.</span> <span class='ocrx_word' id='word_1_171' title='bbox 1391 1655 1493 1696; x_wconf 79' lang='lat' dir='ltr'>OaeS.</span> <span class='ocrx_word' id='word_1_172' title='bbox 1517 1667 1586 1708; x_wconf 90' lang='lat' dir='ltr'>qu.</span> <span class='ocrx_word' id='word_1_173' title='bbox 1607 1653 1750 1694; x_wconf 88' lang='lat' dir='ltr'>habet.</span> <span class='ocrx_word' id='word_1_174' title='bbox 1807 1655 1901 1694; x_wconf 83' lang='lat' dir='ltr'>Jam</span> <span class='ocrx_word' id='word_1_175' title='bbox 1942 1666 2040 1693; x_wconf 89' lang='lat' dir='ltr'>vero</span> <span class='ocrx_word' id='word_1_176' title='bbox 2086 1665 2180 1704; x_wconf 86' lang='lat' dir='ltr'>quae</span> <span class='ocrx_word' id='word_1_177' title='bbox 2225 1656 2459 1704; x_wconf 90' lang='lat' dir='ltr'>sequuntur</span> <span class='ocrx_word' id='word_1_178' title='bbox 2500 1651 2630 1691; x_wconf 88' lang='lat' dir='ltr'>verba</span> 
     </span>
     <span class='ocr_line' id='line_1_19' title="bbox 298 1739 2633 1796; baseline -0.002 -12"><span class='ocrx_word' id='word_1_179' title='bbox 298 1756 385 1785; x_wconf 83' lang='lat' dir='ltr'>ecce</span> <span class='ocrx_word' id='word_1_180' title='bbox 413 1746 476 1784; x_wconf 81' lang='lat' dir='ltr'>ter</span> <span class='ocrx_word' id='word_1_181' title='bbox 504 1745 600 1784; x_wconf 80' lang='lat' dir='ltr'>ante</span> <span class='ocrx_word' id='word_1_182' title='bbox 627 1742 742 1783; x_wconf 76' lang='lat' dir='ltr'>datis</span> <span class='ocrx_word' id='word_1_183' title='bbox 771 1742 983 1796; x_wconf 90' lang='lat' dir='ltr'>quomodo</span> <span class='ocrx_word' id='word_1_184' title='bbox 1012 1743 1223 1796; x_wconf 84' lang='lat' dir='ltr'>quadrent</span> <span class='ocrx_word' id='word_1_185' title='bbox 1251 1743 1293 1783; x_wconf 89' lang='lat' dir='ltr'>iu</span> <span class='ocrx_word' id='word_1_186' title='bbox 1323 1742 1528 1784; x_wconf 87' lang='lat' dir='ltr'>ambitum</span> <span class='ocrx_word' id='word_1_187' title='bbox 1559 1741 1767 1784; x_wconf 87' lang='lat' dir='ltr'>enuntiati</span> <span class='ocrx_word' id='word_1_188' title='bbox 1802 1741 1940 1782; x_wconf 84' lang='lat' dir='ltr'>fateor</span> <span class='ocrx_word' id='word_1_189' title='bbox 1970 1754 2036 1782; x_wconf 87' lang='lat' dir='ltr'>me</span> <span class='ocrx_word' id='word_1_190' title='bbox 2075 1754 2157 1781; x_wconf 88' lang='lat' dir='ltr'>uon</span> <span class='ocrx_word' id='word_1_191' title='bbox 2192 1739 2457 1794; x_wconf 86' lang='lat' dir='ltr'>intellegere,</span> <span class='ocrx_word' id='word_1_192' title='bbox 2504 1752 2633 1792; x_wconf 87' lang='lat' dir='ltr'>quum</span> 
     </span>
     <span class='ocr_line' id='line_1_20' title="bbox 296 1828 2412 1885; baseline -0.001 -13"><span class='ocrx_word' id='word_1_193' title='bbox 296 1831 455 1885; x_wconf 79' lang='lat' dir='ltr'>optime</span> <span class='ocrx_word' id='word_1_194' title='bbox 483 1833 525 1872; x_wconf 89' lang='lat' dir='ltr'>et</span> <span class='ocrx_word' id='word_1_195' title='bbox 553 1844 629 1885; x_wconf 92' lang='lat' dir='ltr'>per</span> <span class='ocrx_word' id='word_1_196' title='bbox 658 1828 980 1883; x_wconf 77' lang='lat' dir='ltr'>grammaticam</span> <span class='ocrx_word' id='word_1_197' title='bbox 1010 1834 1053 1872; x_wconf 91' lang='lat' dir='ltr'>et</span> <span class='ocrx_word' id='word_1_198' title='bbox 1080 1844 1157 1885; x_wconf 90' lang='lat' dir='ltr'>per</span> <span class='ocrx_word' id='word_1_199' title='bbox 1186 1834 1365 1872; x_wconf 88' lang='lat' dir='ltr'>metrum</span> <span class='ocrx_word' id='word_1_200' title='bbox 1396 1830 1563 1872; x_wconf 88' lang='lat' dir='ltr'>licuerit</span> <span class='ocrx_word' id='word_1_201' title='bbox 1600 1843 1650 1873; x_wconf 82' lang='lat' dir='ltr'>en</span> <span class='ocrx_word' id='word_1_202' title='bbox 1680 1830 1819 1872; x_wconf 74' lang='lat' dir='ltr'>tribus</span> <span class='ocrx_word' id='word_1_203' title='bbox 1848 1829 2083 1872; x_wconf 82' lang='lat' dir='ltr'>accedens..</span> <span class='ocrx_word' id='word_1_204' title='bbox 2106 1860 2114 1869; x_wconf 90' lang='lat'>.</span> <span class='ocrx_word' id='word_1_205' title='bbox 2138 1860 2146 1868; x_wconf 91' lang='lat'>.</span> <span class='ocrx_word' id='word_1_206' title='bbox 2176 1841 2213 1871; x_wconf 90' lang='lat' dir='ltr'>v.</span> <span class='ocrx_word' id='word_1_207' title='bbox 2244 1829 2294 1868; x_wconf 78' lang='lat'>75</span> <span class='ocrx_word' id='word_1_208' title='bbox 2325 1840 2412 1881; x_wconf 89' lang='lat' dir='ltr'>seq.</span> 
     </span>
    </p>

    <p class='ocr_par' dir='ltr' id='par_1_12' title="bbox 466 1917 1662 1971">
     <span class='ocr_line' id='line_1_21' title="bbox 466 1917 1662 1971; baseline 0.001 -12"><span class='ocrx_word' id='word_1_209' title='bbox 466 1917 582 1960; x_wconf 88' lang='lat' dir='ltr'>cedis</span> <span class='ocrx_word' id='word_1_210' title='bbox 609 1920 652 1960; x_wconf 87' lang='lat' dir='ltr'>et</span> <span class='ocrx_word' id='word_1_211' title='bbox 681 1917 895 1960; x_wconf 90' lang='lat' dir='ltr'>incassum</span> <span class='ocrx_word' id='word_1_212' title='bbox 924 1921 1001 1960; x_wconf 88' lang='lat' dir='ltr'>tua</span> <span class='ocrx_word' id='word_1_213' title='bbox 1028 1918 1222 1970; x_wconf 88' lang='lat' dir='ltr'>nomina,</span> <span class='ocrx_word' id='word_1_214' title='bbox 1256 1918 1416 1970; x_wconf 85' lang='lat' dir='ltr'>Druse,</span> <span class='ocrx_word' id='word_1_215' title='bbox 1445 1919 1662 1971; x_wconf 87' lang='lat' dir='ltr'>levantur,</span> 
     </span>
    </p>

    <p class='ocr_par' dir='ltr' id='par_1_13' title="bbox 465 2005 1446 2059">
     <span class='ocr_line' id='line_1_22' title="bbox 465 2005 1446 2059; baseline 0.001 -14"><span class='ocrx_word' id='word_1_216' title='bbox 465 2005 618 2046; x_wconf 87' lang='lat' dir='ltr'>ultima</span> <span class='ocrx_word' id='word_1_217' title='bbox 646 2006 704 2046; x_wconf 89' lang='lat' dir='ltr'>sit</span> <span class='ocrx_word' id='word_1_218' title='bbox 732 2005 812 2046; x_wconf 88' lang='lat' dir='ltr'>fati</span> <span class='ocrx_word' id='word_1_219' title='bbox 842 2006 932 2046; x_wconf 87' lang='lat' dir='ltr'>haec</span> <span class='ocrx_word' id='word_1_220' title='bbox 963 2020 1128 2047; x_wconf 88' lang='lat' dir='ltr'>summa</span> <span class='ocrx_word' id='word_1_221' title='bbox 1156 2006 1345 2059; x_wconf 88' lang='lat' dir='ltr'>querella</span> <span class='ocrx_word' id='word_1_222' title='bbox 1373 2007 1446 2047; x_wconf 90' lang='lat' dir='ltr'>tui.</span> 
     </span>
    </p>

    <p class='ocr_par' dir='ltr' id='par_1_14' title="bbox 293 2092 2633 3029">
     <span class='ocr_line' id='line_1_23' title="bbox 462 2092 2631 2148; baseline 0 -14"><span class='ocrx_word' id='word_1_223' title='bbox 462 2093 610 2135; x_wconf 86' lang='lat' dir='ltr'>Mirari</span> <span class='ocrx_word' id='word_1_224' title='bbox 638 2107 723 2134; x_wconf 92' lang='lat' dir='ltr'>non</span> <span class='ocrx_word' id='word_1_225' title='bbox 752 2093 858 2135; x_wconf 86' lang='lat' dir='ltr'>satis</span> <span class='ocrx_word' id='word_1_226' title='bbox 879 2108 988 2147; x_wconf 89' lang='lat' dir='ltr'>queo</span> <span class='ocrx_word' id='word_1_227' title='bbox 1020 2094 1171 2136; x_wconf 92' lang='lat' dir='ltr'>horum</span> <span class='ocrx_word' id='word_1_228' title='bbox 1192 2108 1386 2136; x_wconf 87' lang='lat' dir='ltr'>versuum</span> <span class='ocrx_word' id='word_1_229' title='bbox 1405 2094 1590 2148; x_wconf 89' lang='lat' dir='ltr'>priorem</span> <span class='ocrx_word' id='word_1_230' title='bbox 1620 2093 1838 2135; x_wconf 89' lang='lat' dir='ltr'>Heinsium</span> <span class='ocrx_word' id='word_1_231' title='bbox 1868 2107 1919 2134; x_wconf 89' lang='lat' dir='ltr'>ne</span> <span class='ocrx_word' id='word_1_232' title='bbox 1949 2106 2031 2134; x_wconf 92' lang='lat' dir='ltr'>uno</span> <span class='ocrx_word' id='word_1_233' title='bbox 2061 2092 2229 2145; x_wconf 82' lang='lat' dir='ltr'>quidem</span> <span class='ocrx_word' id='word_1_234' title='bbox 2261 2093 2388 2134; x_wconf 86' lang='lat' dir='ltr'>verbo</span> <span class='ocrx_word' id='word_1_235' title='bbox 2417 2092 2603 2146; x_wconf 88' lang='lat' dir='ltr'>tetigisse</span> <span class='ocrx_word' id='word_1_236' title='bbox 2622 2126 2631 2143; x_wconf 90' lang='lat'>‚</span> 
     </span>
     <span class='ocr_line' id='line_1_24' title="bbox 299 2178 2631 2235; baseline -0.001 -13"><span class='ocrx_word' id='word_1_237' title='bbox 299 2180 488 2235; x_wconf 83' lang='lat' dir='ltr'>quamvis</span> <span class='ocrx_word' id='word_1_238' title='bbox 518 2195 610 2223; x_wconf 89' lang='lat' dir='ltr'>meo</span> <span class='ocrx_word' id='word_1_239' title='bbox 641 2180 810 2233; x_wconf 86' lang='lat' dir='ltr'>quidem</span> <span class='ocrx_word' id='word_1_240' title='bbox 836 2180 1000 2235; x_wconf 86' lang='lat' dir='ltr'>judicio</span> <span class='ocrx_word' id='word_1_241' title='bbox 1030 2180 1397 2234; x_wconf 84' lang='lat' dir='ltr'>inquinatissimus</span> <span class='ocrx_word' id='word_1_242' title='bbox 1428 2181 1495 2224; x_wconf 91' lang='lat' dir='ltr'>sit.</span> <span class='ocrx_word' id='word_1_243' title='bbox 1561 2180 1623 2223; x_wconf 89' lang='lat' dir='ltr'>Ne</span> <span class='ocrx_word' id='word_1_244' title='bbox 1650 2180 1696 2222; x_wconf 89' lang='lat' dir='ltr'>id</span> <span class='ocrx_word' id='word_1_245' title='bbox 1725 2179 1895 2234; x_wconf 88' lang='lat' dir='ltr'>quidem</span> <span class='ocrx_word' id='word_1_246' title='bbox 1923 2193 2096 2234; x_wconf 88' lang='lat' dir='ltr'>prorsus</span> <span class='ocrx_word' id='word_1_247' title='bbox 2125 2183 2285 2222; x_wconf 90' lang='lat' dir='ltr'>certum</span> <span class='ocrx_word' id='word_1_248' title='bbox 2304 2213 2313 2231; x_wconf 90' lang='lat'>,</span> <span class='ocrx_word' id='word_1_249' title='bbox 2349 2182 2463 2221; x_wconf 88' lang='lat' dir='ltr'>recte</span> <span class='ocrx_word' id='word_1_250' title='bbox 2499 2178 2631 2232; x_wconf 86' lang='lat' dir='ltr'>scrip-</span> 
     </span>
     <span class='ocr_line' id='line_1_25' title="bbox 297 2267 2631 2323; baseline -0.001 -13"><span class='ocrx_word' id='word_1_251' title='bbox 297 2272 438 2310; x_wconf 89' lang='lat' dir='ltr'>turam</span> <span class='ocrx_word' id='word_1_252' title='bbox 475 2268 616 2311; x_wconf 76' lang='lat' dir='ltr'>caedis</span> <span class='ocrx_word' id='word_1_253' title='bbox 645 2271 688 2310; x_wconf 87' lang='lat' dir='ltr'>et</span> <span class='ocrx_word' id='word_1_254' title='bbox 717 2268 973 2311; x_wconf 90' lang='lat' dir='ltr'>editionibus</span> <span class='ocrx_word' id='word_1_255' title='bbox 1004 2269 1267 2323; x_wconf 86' lang='lat' dir='ltr'>quibusdam</span> <span class='ocrx_word' id='word_1_256' title='bbox 1311 2275 1354 2311; x_wconf 91' lang='lat' dir='ltr'>et</span> <span class='ocrx_word' id='word_1_257' title='bbox 1390 2283 1488 2312; x_wconf 89' lang='lat' dir='ltr'>vero</span> <span class='ocrx_word' id='word_1_258' title='bbox 1518 2271 1645 2312; x_wconf 88' lang='lat' dir='ltr'>etiam</span> <span class='ocrx_word' id='word_1_259' title='bbox 1675 2269 1891 2311; x_wconf 88' lang='lat' dir='ltr'>codicibus</span> <span class='ocrx_word' id='word_1_260' title='bbox 1920 2271 2080 2321; x_wconf 89' lang='lat' dir='ltr'>(omnes</span> <span class='ocrx_word' id='word_1_261' title='bbox 2111 2272 2252 2310; x_wconf 85' lang='lat' dir='ltr'>autem</span> <span class='ocrx_word' id='word_1_262' title='bbox 2280 2267 2406 2323; x_wconf 88' lang='lat' dir='ltr'>hujus</span> <span class='ocrx_word' id='word_1_263' title='bbox 2432 2267 2631 2309; x_wconf 84' lang='lat' dir='ltr'>carminis</span> 
     </span>
     <span class='ocr_line' id='line_1_26' title="bbox 298 2353 2631 2411; baseline -0.002 -12"><span class='ocrx_word' id='word_1_264' title='bbox 298 2358 466 2399; x_wconf 89' lang='lat' dir='ltr'>nonnisi</span> <span class='ocrx_word' id='word_1_265' title='bbox 509 2360 606 2411; x_wconf 88' lang='lat' dir='ltr'>post</span> <span class='ocrx_word' id='word_1_266' title='bbox 649 2360 784 2398; x_wconf 89' lang='lat' dir='ltr'>artem</span> <span class='ocrx_word' id='word_1_267' title='bbox 827 2357 1184 2411; x_wconf 83' lang='lat' dir='ltr'>typographicam</span> <span class='ocrx_word' id='word_1_268' title='bbox 1227 2358 1390 2399; x_wconf 86' lang='lat' dir='ltr'>exarati</span> <span class='ocrx_word' id='word_1_269' title='bbox 1420 2359 1534 2404; x_wconf 84' lang='lat' dir='ltr'>sunt)</span> <span class='ocrx_word' id='word_1_270' title='bbox 1579 2365 1873 2411; x_wconf 83' lang='lat' dir='ltr'>propagatam,</span> <span class='ocrx_word' id='word_1_271' title='bbox 1902 2361 2109 2397; x_wconf 87' lang='lat' dir='ltr'>mutatam</span> <span class='ocrx_word' id='word_1_272' title='bbox 2137 2356 2266 2398; x_wconf 77' lang='lat' dir='ltr'>fuisse</span> <span class='ocrx_word' id='word_1_273' title='bbox 2293 2356 2337 2397; x_wconf 91' lang='lat' dir='ltr'>in</span> <span class='ocrx_word' id='word_1_274' title='bbox 2366 2354 2491 2397; x_wconf 77' lang='lat' dir='ltr'>cedis.</span> <span class='ocrx_word' id='word_1_275' title='bbox 2549 2353 2631 2395; x_wconf 88' lang='lat' dir='ltr'>Sed</span> 
     </span>
     <span class='ocr_line' id='line_1_27' title="bbox 298 2441 2632 2499; baseline -0.003 -11"><span class='ocrx_word' id='word_1_276' title='bbox 298 2450 412 2488; x_wconf 88' lang='lat' dir='ltr'>recte</span> <span class='ocrx_word' id='word_1_277' title='bbox 442 2445 600 2487; x_wconf 80' lang='lat' dir='ltr'>factum</span> <span class='ocrx_word' id='word_1_278' title='bbox 631 2448 744 2487; x_wconf 89' lang='lat' dir='ltr'>esto:</span> <span class='ocrx_word' id='word_1_279' title='bbox 775 2444 891 2499; x_wconf 88' lang='lat' dir='ltr'>quid,</span> <span class='ocrx_word' id='word_1_280' title='bbox 922 2459 1082 2499; x_wconf 80' lang='lat' dir='ltr'>quaeso,</span> <span class='ocrx_word' id='word_1_281' title='bbox 1109 2450 1173 2488; x_wconf 90' lang='lat' dir='ltr'>est</span> <span class='ocrx_word' id='word_1_282' title='bbox 1201 2445 1370 2488; x_wconf 69' lang='lat' dir='ltr'>nomina</span> <span class='ocrx_word' id='word_1_283' title='bbox 1391 2445 1539 2499; x_wconf 71' lang='lat' dir='ltr'>lez-are,</span> <span class='ocrx_word' id='word_1_284' title='bbox 1573 2445 1654 2487; x_wconf 87' lang='lat' dir='ltr'>nisi</span> <span class='ocrx_word' id='word_1_285' title='bbox 1673 2444 1890 2487; x_wconf 89' lang='lat' dir='ltr'>addideris</span> <span class='ocrx_word' id='word_1_286' title='bbox 1910 2458 2116 2498; x_wconf 76' lang='lat' dir='ltr'>quousque</span> <span class='ocrx_word' id='word_1_287' title='bbox 2140 2443 2352 2496; x_wconf 87' lang='lat' dir='ltr'>leventur,</span> <span class='ocrx_word' id='word_1_288' title='bbox 2384 2441 2632 2495; x_wconf 86' lang='lat' dir='ltr'>corrigendo</span> 
     </span>
     <span class='ocr_line' id='line_1_28' title="bbox 300 2533 2633 2589; baseline -0.001 -13"><span class='ocrx_word' id='word_1_289' title='bbox 300 2534 438 2576; x_wconf 79' lang='lat' dir='ltr'>»cedis</span> <span class='ocrx_word' id='word_1_290' title='bbox 466 2539 509 2576; x_wconf 90' lang='lat' dir='ltr'>et</span> <span class='ocrx_word' id='word_1_291' title='bbox 528 2534 574 2575; x_wconf 67' lang='lat' dir='ltr'>‘in</span> <span class='ocrx_word' id='word_1_292' title='bbox 595 2533 739 2575; x_wconf 81' lang='lat' dir='ltr'>ccelum</span> <span class='ocrx_word' id='word_1_293' title='bbox 759 2537 834 2575; x_wconf 87' lang='lat' dir='ltr'>tua</span> <span class='ocrx_word' id='word_1_294' title='bbox 853 2533 1039 2586; x_wconf 84' lang='lat' dir='ltr'>nomina,</span> <span class='ocrx_word' id='word_1_295' title='bbox 1072 2533 1219 2586; x_wconf 88' lang='lat' dir='ltr'>Druse,</span> <span class='ocrx_word' id='word_1_296' title='bbox 1249 2534 1499 2576; x_wconf 68' lang='lat' dir='ltr'>levantur-P«</span> <span class='ocrx_word' id='word_1_297' title='bbox 1561 2535 1816 2589; x_wconf 81' lang='lat' dir='ltr'>Quanquam</span> <span class='ocrx_word' id='word_1_298' title='bbox 1844 2548 1896 2576; x_wconf 88' lang='lat' dir='ltr'>ne</span> <span class='ocrx_word' id='word_1_299' title='bbox 1927 2533 2005 2576; x_wconf 92' lang='lat' dir='ltr'>hoc</span> <span class='ocrx_word' id='word_1_300' title='bbox 2026 2533 2194 2587; x_wconf 82' lang='lat' dir='ltr'>quidem</span> <span class='ocrx_word' id='word_1_301' title='bbox 2215 2534 2318 2575; x_wconf 90' lang='lat' dir='ltr'>satis</span> <span class='ocrx_word' id='word_1_302' title='bbox 2339 2533 2480 2588; x_wconf 87' lang='lat' dir='ltr'>placet</span> <span class='ocrx_word' id='word_1_303' title='bbox 2499 2544 2633 2585; x_wconf 81' lang='lat' dir='ltr'>neque</span> 
     </span>
     <span class='ocr_line' id='line_1_29' title="bbox 298 2612 2632 2677; baseline -0.001 -13"><span class='ocrx_word' id='word_1_304' title='bbox 298 2612 469 2664; x_wconf 82' lang='lat' dir='ltr'>memini</span> <span class='ocrx_word' id='word_1_305' title='bbox 508 2621 648 2675; x_wconf 87' lang='lat' dir='ltr'>legere</span> <span class='ocrx_word' id='word_1_306' title='bbox 679 2621 756 2672; x_wconf 90' lang='lat' dir='ltr'>„in</span> <span class='ocrx_word' id='word_1_307' title='bbox 787 2621 937 2663; x_wconf 76' lang='lat' dir='ltr'>caelum</span> <span class='ocrx_word' id='word_1_308' title='bbox 967 2621 1134 2664; x_wconf 75' lang='lat' dir='ltr'>levare«</span> <span class='ocrx_word' id='word_1_309' title='bbox 1166 2635 1245 2677; x_wconf 90' lang='lat' dir='ltr'>pro</span> <span class='ocrx_word' id='word_1_310' title='bbox 1275 2636 1323 2665; x_wconf 90' lang='lat' dir='ltr'>eo</span> <span class='ocrx_word' id='word_1_311' title='bbox 1355 2622 1468 2677; x_wconf 86' lang='lat' dir='ltr'>quod</span> <span class='ocrx_word' id='word_1_312' title='bbox 1498 2627 1562 2665; x_wconf 87' lang='lat' dir='ltr'>est</span> <span class='ocrx_word' id='word_1_313' title='bbox 1593 2643 1613 2658; x_wconf 76' lang='lat'>&gt;›</span> <span class='ocrx_word' id='word_1_314' title='bbox 1627 2622 1682 2665; x_wconf 87' lang='lat' dir='ltr'>ad</span> <span class='ocrx_word' id='word_1_315' title='bbox 1713 2623 1875 2665; x_wconf 89' lang='lat' dir='ltr'>caelum</span> <span class='ocrx_word' id='word_1_316' title='bbox 1904 2622 2098 2665; x_wconf 78' lang='lat' dir='ltr'>tollere«.</span> <span class='ocrx_word' id='word_1_317' title='bbox 2157 2622 2239 2663; x_wconf 88' lang='lat' dir='ltr'>Sed</span> <span class='ocrx_word' id='word_1_318' title='bbox 2283 2629 2330 2663; x_wconf 93' lang='lat' dir='ltr'>ut</span> <span class='ocrx_word' id='word_1_319' title='bbox 2373 2621 2533 2663; x_wconf 87' lang='lat' dir='ltr'>salvum</span> <span class='ocrx_word' id='word_1_320' title='bbox 2577 2620 2632 2662; x_wconf 88' lang='lat' dir='ltr'>sit</span> 
     </span>
     <span class='ocr_line' id='line_1_30' title="bbox 298 2709 2632 2766; baseline -0 -14"><span class='ocrx_word' id='word_1_321' title='bbox 298 2710 549 2753; x_wconf 88' lang='lat' dir='ltr'>vocabulum</span> <span class='ocrx_word' id='word_1_322' title='bbox 577 2709 797 2751; x_wconf 72' lang='lat' dir='ltr'>incassum</span> <span class='ocrx_word' id='word_1_323' title='bbox 829 2713 895 2759; x_wconf 85' lang='lat' dir='ltr'>(et</span> <span class='ocrx_word' id='word_1_324' title='bbox 923 2710 1088 2752; x_wconf 86' lang='lat' dir='ltr'>videtur</span> <span class='ocrx_word' id='word_1_325' title='bbox 1117 2724 1218 2753; x_wconf 82' lang='lat' dir='ltr'>sane</span> <span class='ocrx_word' id='word_1_326' title='bbox 1247 2710 1420 2765; x_wconf 88' lang='lat' dir='ltr'>aliquod</span> <span class='ocrx_word' id='word_1_327' title='bbox 1452 2712 1657 2766; x_wconf 87' lang='lat' dir='ltr'>ejusmodi</span> <span class='ocrx_word' id='word_1_328' title='bbox 1687 2711 1743 2753; x_wconf 86' lang='lat' dir='ltr'>ad</span> <span class='ocrx_word' id='word_1_329' title='bbox 1782 2712 2033 2754; x_wconf 75' lang='lat' dir='ltr'>sententiam</span> <span class='ocrx_word' id='word_1_330' title='bbox 2073 2711 2305 2754; x_wconf 85' lang='lat' dir='ltr'>desiderari</span> <span class='ocrx_word' id='word_1_331' title='bbox 2348 2709 2459 2766; x_wconf 87' lang='lat' dir='ltr'>quod</span> <span class='ocrx_word' id='word_1_332' title='bbox 2502 2723 2632 2751; x_wconf 76' lang='lat' dir='ltr'>vanas</span> 
     </span>
     <span class='ocr_line' id='line_1_31' title="bbox 297 2796 2628 2853; baseline -0.001 -14"><span class='ocrx_word' id='word_1_333' title='bbox 297 2798 572 2853; x_wconf 85' lang='lat' dir='ltr'>superstitum</span> <span class='ocrx_word' id='word_1_334' title='bbox 626 2798 836 2852; x_wconf 89' lang='lat' dir='ltr'>querellas</span> <span class='ocrx_word' id='word_1_335' title='bbox 885 2798 1136 2841; x_wconf 87' lang='lat' dir='ltr'>inexorabili</span> <span class='ocrx_word' id='word_1_336' title='bbox 1183 2800 1332 2841; x_wconf 80' lang='lat' dir='ltr'>mortis</span> <span class='ocrx_word' id='word_1_337' title='bbox 1380 2800 1625 2842; x_wconf 84' lang='lat' dir='ltr'>necessitati</span> <span class='ocrx_word' id='word_1_338' title='bbox 1669 2814 1718 2842; x_wconf 87' lang='lat' dir='ltr'>ex</span> <span class='ocrx_word' id='word_1_339' title='bbox 1761 2799 1938 2841; x_wconf 83' lang='lat' dir='ltr'>adverso</span> <span class='ocrx_word' id='word_1_340' title='bbox 1973 2803 2127 2852; x_wconf 87' lang='lat' dir='ltr'>ponat)</span> <span class='ocrx_word' id='word_1_341' title='bbox 2173 2798 2275 2840; x_wconf 86' lang='lat' dir='ltr'>nihil</span> <span class='ocrx_word' id='word_1_342' title='bbox 2315 2797 2431 2840; x_wconf 88' lang='lat' dir='ltr'>aliud</span> <span class='ocrx_word' id='word_1_343' title='bbox 2462 2796 2628 2838; x_wconf 78' lang='lat' dir='ltr'>videtur</span> 
     </span>
     <span class='ocr_line' id='line_1_32' title="bbox 294 2884 2631 2939; baseline 0 -12"><span class='ocrx_word' id='word_1_344' title='bbox 294 2884 556 2928; x_wconf 86' lang='lat' dir='ltr'>emendando</span> <span class='ocrx_word' id='word_1_345' title='bbox 604 2884 805 2927; x_wconf 85' lang='lat' dir='ltr'>extricari</span> <span class='ocrx_word' id='word_1_346' title='bbox 847 2899 972 2939; x_wconf 90' lang='lat' dir='ltr'>posse</span> <span class='ocrx_word' id='word_1_347' title='bbox 1016 2885 1114 2928; x_wconf 85' lang='lat' dir='ltr'>nisi:</span> <span class='ocrx_word' id='word_1_348' title='bbox 1168 2885 1282 2928; x_wconf 90' lang='lat' dir='ltr'>cedis</span> <span class='ocrx_word' id='word_1_349' title='bbox 1318 2890 1361 2929; x_wconf 89' lang='lat' dir='ltr'>et</span> <span class='ocrx_word' id='word_1_350' title='bbox 1404 2887 1619 2929; x_wconf 88' lang='lat' dir='ltr'>incassum</span> <span class='ocrx_word' id='word_1_351' title='bbox 1662 2891 1736 2929; x_wconf 90' lang='lat' dir='ltr'>tua</span> <span class='ocrx_word' id='word_1_352' title='bbox 1775 2887 1968 2937; x_wconf 90' lang='lat' dir='ltr'>nomina,</span> <span class='ocrx_word' id='word_1_353' title='bbox 2008 2886 2156 2939; x_wconf 84' lang='lat' dir='ltr'>Druse,</span> <span class='ocrx_word' id='word_1_354' title='bbox 2196 2888 2397 2927; x_wconf 73' lang='lat' dir='ltr'>vocantur</span> <span class='ocrx_word' id='word_1_355' title='bbox 2435 2910 2488 2916; x_wconf 89' lang='lat'>—</span> <span class='ocrx_word' id='word_1_356' title='bbox 2518 2885 2631 2938; x_wconf 88' lang='lat' dir='ltr'>quod</span> 
     </span>
     <span class='ocr_line' id='line_1_33' title="bbox 293 2973 2631 3029; baseline 0 -14"><span class='ocrx_word' id='word_1_357' title='bbox 293 2975 484 3027; x_wconf 84' lang='lat' dir='ltr'>quamvis</span> <span class='ocrx_word' id='word_1_358' title='bbox 522 2988 548 3015; x_wconf 91' lang='lat' dir='ltr'>a</span> <span class='ocrx_word' id='word_1_359' title='bbox 584 2978 707 3028; x_wconf 88' lang='lat' dir='ltr'>parte</span> <span class='ocrx_word' id='word_1_360' title='bbox 744 2975 912 3028; x_wconf 89' lang='lat' dir='ltr'>poetica</span> <span class='ocrx_word' id='word_1_361' title='bbox 941 2988 1095 3028; x_wconf 90' lang='lat' dir='ltr'>parum</span> <span class='ocrx_word' id='word_1_362' title='bbox 1125 2976 1459 3018; x_wconf 88' lang='lat' dir='ltr'>commendabile</span> <span class='ocrx_word' id='word_1_363' title='bbox 1485 2980 1628 3018; x_wconf 85' lang='lat' dir='ltr'>tamen</span> <span class='ocrx_word' id='word_1_364' title='bbox 1659 2977 1841 3018; x_wconf 85' lang='lat' dir='ltr'>sortasse</span> <span class='ocrx_word' id='word_1_365' title='bbox 1876 2989 1954 3029; x_wconf 87' lang='lat' dir='ltr'>pro</span> <span class='ocrx_word' id='word_1_366' title='bbox 1984 2976 2120 3017; x_wconf 89' lang='lat' dir='ltr'>nostri</span> <span class='ocrx_word' id='word_1_367' title='bbox 2149 2975 2349 3016; x_wconf 83' lang='lat' dir='ltr'>carminis</span> <span class='ocrx_word' id='word_1_368' title='bbox 2392 2973 2631 3015; x_wconf 81' lang='lat' dir='ltr'>conditione</span> 
     </span>
    </p>
   </div>
   <div class='ocr_carea' id='block_1_4' title="bbox 293 3061 1491 3116">
    <p class='ocr_par' dir='ltr' id='par_1_15' title="bbox 293 3061 1491 3116">
     <span class='ocr_line' id='line_1_34' title="bbox 293 3061 1491 3116; baseline 0.001 -15"><span class='ocrx_word' id='word_1_369' title='bbox 293 3074 436 3102; x_wconf 87' lang='lat' dir='ltr'>verum</span> <span class='ocrx_word' id='word_1_370' title='bbox 463 3065 539 3102; x_wconf 89' lang='lat' dir='ltr'>est.</span> <span class='ocrx_word' id='word_1_371' title='bbox 556 3062 596 3110; x_wconf 85' lang='grc'>*)</span> <span class='ocrx_word' id='word_1_372' title='bbox 655 3061 855 3113; x_wconf 85' lang='lat' dir='ltr'>Sequitur</span> <span class='ocrx_word' id='word_1_373' title='bbox 893 3061 1038 3114; x_wconf 84' lang='lat' dir='ltr'>paullo</span> <span class='ocrx_word' id='word_1_374' title='bbox 1076 3066 1174 3114; x_wconf 88' lang='lat' dir='ltr'>post</span> <span class='ocrx_word' id='word_1_375' title='bbox 1215 3073 1271 3113; x_wconf 57' lang='lat' dir='ltr'>(V.</span> <span class='ocrx_word' id='word_1_376' title='bbox 1305 3062 1355 3104; x_wconf 75' lang='lat'>79</span> <span class='ocrx_word' id='word_1_377' title='bbox 1385 3070 1491 3116; x_wconf 88' lang='lat' dir='ltr'>seq.)</span> 
     </span>
    </p>
   </div>
   <div class='ocr_carea' id='block_1_5' title="bbox 730 3153 842 3159">
    <p class='ocr_par' dir='ltr' id='par_1_16' title="bbox 730 3153 842 3159">
     <span class='ocr_line' id='line_1_35' title="bbox 730 3153 842 3159; baseline 0 0"><span class='ocrx_word' id='word_1_378' title='bbox 730 3153 842 3159; x_wconf 95' lang='lat' dir='ltr'> </span> 
     </span>
    </p>
   </div>
   <div class='ocr_carea' id='block_1_6' title="bbox 436 3209 2631 3256">
    <p class='ocr_par' dir='ltr' id='par_1_17' title="bbox 436 3209 2631 3256">
     <span class='ocr_line' id='line_1_36' title="bbox 436 3209 2631 3256; baseline 0.002 -13"><span class='ocrx_word' id='word_1_379' title='bbox 436 3209 473 3253; x_wconf 80' lang='lat'>³⁸¹)</span> <span class='ocrx_word' id='word_1_380' title='bbox 500 3209 615 3245; x_wconf 85' lang='lat' dir='ltr'>Video</span> <span class='ocrx_word' id='word_1_381' title='bbox 635 3210 715 3253; x_wconf 85' lang='lat' dir='ltr'>jam</span> <span class='ocrx_word' id='word_1_382' title='bbox 738 3209 990 3245; x_wconf 80' lang='lat' dir='ltr'>Burmannum</span> <span class='ocrx_word' id='word_1_383' title='bbox 1013 3214 1186 3247; x_wconf 80' lang='lat' dir='ltr'>vocantur</span> <span class='ocrx_word' id='word_1_384' title='bbox 1209 3212 1377 3256; x_wconf 83' lang='lat' dir='ltr'>suasisse,</span> <span class='ocrx_word' id='word_1_385' title='bbox 1402 3212 1602 3256; x_wconf 83' lang='lat' dir='ltr'>llauptium</span> <span class='ocrx_word' id='word_1_386' title='bbox 1629 3224 1716 3247; x_wconf 84' lang='lat' dir='ltr'>vero</span> <span class='ocrx_word' id='word_1_387' title='bbox 1741 3214 2038 3249; x_wconf 80' lang='lat' dir='ltr'>emendationem</span> <span class='ocrx_word' id='word_1_388' title='bbox 2063 3212 2277 3248; x_wconf 79' lang='lat' dir='ltr'>dissuadere</span> <span class='ocrx_word' id='word_1_389' title='bbox 2311 3222 2528 3256; x_wconf 87' lang='lat' dir='ltr'>sensumque</span> <span class='ocrx_word' id='word_1_390' title='bbox 2551 3224 2631 3247; x_wconf 88' lang='lat' dir='ltr'>ver-</span> 
     </span>
    </p>
   </div>
  </div>
 </body>
</html>
