2912 3985
1441 252 1491 294 ¹4

294 402 447 448 levitas
473 415 526 446 ne
554 402 695 446 dicam
719 401 923 454 futilius,
953 404 1002 444 ut
1031 400 1130 444 boni
1159 400 1383 457 dispendio
1408 401 1484 444 otii
1521 401 1565 443 in
1585 413 1658 443 eas
1678 401 1922 443 accuratius
1941 400 2156 456 inquirere
2173 402 2243 442 vix
2262 413 2420 456 operae
2438 402 2624 458 pretium

292 506 388 536 esse
414 492 623 535 videatur.
681 490 792 541 Quid
821 490 936 545 quod
969 489 1012 533 in
1041 489 1179 533 altera
1207 488 1363 545 prioris
1395 489 1554 544 elegiae
1579 491 1705 545 parte
1732 489 2019 534 membrorum
2049 502 2273 546 compages
2296 489 2624 534 sententiarum-

286 593 373 635 que
407 580 684 623 commissura
721 582 813 621 tam
841 582 907 621 est
933 577 1045 631 laxa,
1073 578 1202 620 immo
1230 580 1319 621 tam
1340 577 1483 621 hiulca
1501 581 1550 621 ut
1567 577 1796 622 novissimo
1816 577 1991 631 editori,
2020 577 2168 622 Ottoni
2187 575 2435 632 Ribbeckio,
2463 576 2629 633 aliquot

290 668 539 712 lacunarum
571 670 693 723 signa
718 673 907 710 statuere
935 668 1069 710 visum
1099 667 1246 717 fuerit,
1291 666 1372 710 hac
1400 667 1562 710 scilicet
1592 681 1723 711 causa
1750 667 1857 711 satis
1887 666 2154 712 memorabili
2191 680 2271 712 nec
2309 666 2433 711 nimis
2471 678 2622 723 repro·

295 757 439 799 banda
468 771 581 799 »non
613 757 714 811 quia
741 756 947 799 excidisse
976 755 1188 810 quaedam
1202 776 1222 792 α
1254 756 1469 810 putaverit
1496 755 1572 798 sed
1599 759 1649 798 ut
1675 756 1890 799 variorum
1919 756 2138 798 rhetorum
2167 755 2211 797 in
2251 756 2400 798 eodem
2435 752 2625 797 themate

295 846 550 887 versantium
583 844 747 887 colores
777 844 1064 886 discerneret?
1122 843 1278 898 Incipit
1303 843 1434 897 igitur
1461 847 1590 899 poeta

460 933 672 975 Defleram
699 933 864 987 J'uvenis
893 933 1006 973 tristi
1036 934 1162 973 modo
1192 932 1380 973 carmine
1406 931 1515 972 fata:

509 1025 608 1064 sunt
637 1021 766 1063 etiam
798 1021 956 1063 merito
985 1021 1175 1063 carmina
1206 1019 1349 1062 danda
1377 1021 1480 1062 seni.

435 1113 503 1153 ⁴ut
522 1110 689 1165 juvenis
722 1109 939 1152 deflendus
972 1110 1082 1152 enim
1112 1113 1202 1152 tam
1234 1108 1441 1152 candidus
1470 1112 1513 1152 et
1539 1112 1629 1151 tam

512 1198 677 1253 longius
705 1212 868 1242 annoso
899 1199 1038 1241 vivere
1067 1198 1218 1253 dignus
1247 1212 1338 1242 avo.

378 1288 402 1329 5
460 1286 687 1342 lrreligata
715 1288 821 1330 ratis
851 1301 1082 1342 numquam
1110 1287 1276 1330 defessa
1305 1287 1513 1329 Charonis

518 1375 552 1416 it
579 1375 694 1417 redit
721 1375 765 1417 in
794 1379 936 1418 vastos
966 1389 1131 1429 semper
1163 1378 1317 1417 onusta
1343 1375 1473 1417 lacus.

460 1462 614 1513 Miror,
658 1463 815 1517 fugisse
841 1462 1117 1517 interpretes,
1161 1463 1274 1505 inter
1301 1476 1364 1507 vv.
1387 1462 1414 1504 4
1442 1466 1485 1504 et
1514 1463 1539 1503 5
1568 1461 1764 1504 lacunam
1792 1473 1883 1504 esse
1913 1460 2093 1504 duorum
2122 1462 2272 1504 saltem
2315 1475 2508 1506 versuum
2542 1463 2625 1507 hac

292 1550 381 1591 fere
415 1551 628 1592 sententia
656 1550 928 1605 explendam:
969 1552 1031 1592 sic
1059 1565 1187 1593 senex
1217 1564 1387 1605 quoque
1415 1551 1575 1593 exactis
1605 1550 1776 1604 quidem
1806 1551 1929 1593 annis
1958 1550 2032 1593 sed
2060 1549 2210 1593 iisdem
2239 1564 2382 1593 rerum
2411 1555 2625 1605 gestarum

292 1638 418 1693 copia
446 1638 701 1692 plenissimis
730 1643 858 1680 cantu
879 1639 1046 1693 lugubri
1075 1643 1142 1681 est
1170 1640 1334 1693 dignus
1394 1639 1516 1681 Hanc
1544 1639 1752 1694 apodosin
1781 1642 1825 1680 et
1851 1639 2063 1681 sententia
2079 1638 2246 1692 flagitat
2266 1643 2309 1681 et
2326 1639 2621 1694 grammatica,

295 1727 453 1782 quippe
480 1730 529 1769 ut
556 1727 766 1782 particula
797 1740 908 1781 quae
936 1728 1127 1782 protasin
1167 1728 1339 1769 inchoat
1381 1728 1449 1768 vix
1485 1727 1663 1769 haberet
1700 1740 1783 1782 quo
1820 1727 2068 1776 referretur,
2110 1727 2266 1769 omissa
2307 1726 2382 1769 illa
2428 1727 2620 1781 apodosi.

298 1813 432 1858 Poeta
461 1815 526 1857 sui
557 1828 657 1870 erga
684 1815 973 1858 Maecenatem
1002 1815 1188 1858 muneris
1218 1828 1389 1858 causam
1418 1815 1530 1858 hanc
1558 1814 1684 1859 affert
1712 1822 1766 1870 (v,
1789 1814 1816 1858 9
1835 1816 1976 1872 seqq.)

460 1915 537 1944 nec
562 1903 683 1955 mihi,
713 1902 962 1954 Maecenas,
992 1908 1130 1947 tecum
1161 1903 1240 1946 fuit
1264 1917 1367 1946 usus
1397 1903 1539 1946 amici:

518 1990 677 2033 Lollius
705 1991 787 2034 hoc
816 2006 917 2044 ergo
946 1992 1186 2035 conciliavit
1214 2007 1332 2047 opus.

462 2078 627 2122 Foedus
657 2084 751 2121 erat
778 2080 901 2122 nobis
929 2094 1027 2122 nam
1054 2084 1231 2135 propter
1260 2080 1454 2123 Caesaris
1483 2094 1628 2132 arma,

517 2167 716 2208 Caesaris
745 2170 789 2209 et
817 2166 996 2208 similem
1028 2171 1206 2222 propter
1233 2168 1277 2209 in
1305 2182 1426 2210 arma
1452 2168 1591 2210 fidem.

293 2255 428 2310 Igitur
458 2254 753 2298 commilitium
782 2254 932 2298 foedus
956 2254 1110 2310 junxit.
1169 2254 1264 2306 Qua
1291 2256 1335 2299 in
1363 2270 1410 2299 re
1439 2269 1549 2312 quae
1577 2260 1722 2312 partes
1751 2256 1910 2299 fuerint
1937 2256 2073 2300 Lollio
2101 2257 2307 2310 nescitur,
2338 2269 2433 2309 nec,
2471 2258 2622 2313 opinor

291 2343 466 2399 injuria;
511 2348 586 2385 aut
616 2343 727 2386 enim
770 2356 1027 2398 magnopere
1065 2343 1195 2386 fallor
1237 2347 1313 2386 aut
1340 2344 1482 2386 nullus
1523 2348 1588 2386 est
1615 2343 1784 2386 Lollius
1825 2344 1916 2397 ille;
1959 2357 2067 2399 quae
2110 2345 2238 2388 lectio
2280 2358 2382 2387 num
2423 2358 2522 2387 vera
2565 2345 2622 2387 sit

293 2431 422 2473 etiam
453 2430 713 2473 Ribbeckius
742 2430 913 2473 dubitat
942 2435 985 2472 et
1014 2444 1064 2473 eo
1093 2430 1252 2473 rectius
1282 2430 1473 2485 quidem,
1517 2431 1630 2485 quod
1675 2430 1795 2473 illius
1838 2445 2007 2486 quoque
2046 2432 2259 2487 scriptura
2297 2444 2324 2475 a
2366 2431 2621 2486 quibusdam

295 2520 598 2573 manuscriptis
626 2518 889 2573 perhibetur.
947 2519 1057 2569 Quid
1088 2524 1231 2562 autem
1260 2520 1349 2563 veri
1386 2525 1451 2563 est
1491 2520 1670 2563 similius
1708 2534 1837 2574 quam
1875 2523 2046 2575 poetam
2087 2521 2316 2564 amicitiam
2353 2521 2465 2563 inter
2500 2534 2623 2564 arma

289 2608 462 2661 bellique
489 2607 714 2660 strepitum
742 2612 890 2649 natam
919 2612 1180 2662 tenerosque
1206 2622 1354 2651 sensus
1383 2610 1482 2651 inde
1509 2609 1820 2651 efflorescentes
1858 2608 2026 2650 mollius
2064 2622 2171 2663 opus
2200 2608 2383 2650 dixisse?
2439 2608 2522 2650 Sed
2557 2609 2621 2651 vel

290 2696 353 2737 sic
378 2695 565 2738 nondum
595 2695 714 2738 locus
744 2700 808 2738 est
836 2699 1032 2748 sanatus,
1074 2710 1173 2751 erqo
1202 2697 1318 2739 enim
1346 2697 1559 2751 particula
1586 2696 1769 2737 maxime
1797 2695 1923 2750 friget
1963 2699 2060 2749 post
2087 2694 2275 2745 Lollius,
2304 2695 2432 2736 immo
2462 2695 2614 2738 intole-

289 2782 439 2825 rabilis
468 2787 533 2826 est
560 2787 659 2838 post
686 2784 855 2826 mollius
884 2784 1117 2827 lectionem.
1177 2785 1264 2826 Nec
1291 2784 1435 2835 video,
1466 2785 1521 2825 ad
1551 2783 1809 2826 sententiam
1838 2782 1945 2825 bene
1973 2782 2322 2825 conformandam
2351 2781 2455 2836 quid
2476 2783 2618 2837 aptius

289 2871 466 2925 cogitari
498 2872 634 2925 possit
661 2885 789 2925 quam

454 2960 623 3002 mollius
651 2961 732 3004 hoc
760 2960 940 3004 Mavors
968 2961 1210 3004 conciliavit
1239 2975 1347 3017 opus
1377 2987 1429 2993 —-

290 3049 451 3105 optime
479 3049 644 3092 scilicet
668 3049 820 3092 durum
853 3050 953 3093 belli
982 3051 1218 3094 antistitem
1247 3051 1453 3094 mollioris
1484 3051 1568 3094 dici
1599 3052 1741 3106 operis
1770 3051 2088 3094 conciliatorem
2116 3062 2239 3092 nemo
2266 3061 2351 3091 non
2380 3048 2506 3092 videt.

294 3138 357 3180 Ad
402 3138 642 3181 litterarum
688 3137 1011 3180 similitudinem
1054 3138 1194 3181 fateor
1245 3138 1374 3182 aliam
1420 3139 1562 3193 potius
1614 3151 1758 3181 vocem
1812 3138 2067 3190 desiderari3
2121 3136 2196 3178 sed
2237 3136 2470 3191 depravata
2520 3150 2620 3181 vera

294 3224 477 3269 lectione
504 3225 675 3269 mollius
703 3226 745 3268 in
781 3224 945 3269 Lollius
987 3226 1074 3269 sive
1108 3224 1228 3268 illius
1271 3238 1324 3268 ne
1352 3224 1427 3268 illa
1462 3224 1632 3281 quidem
1674 3225 1854 3269 mutatio
1891 3224 2137 3281 religionem
2176 3223 2349 3280 injicere
2384 3227 2537 3280 potest.
2567 3248 2618 3257 -—
