2912 3985
1448 215 1498 259 18

470 363 620 402 unctus
650 359 873 402 Maecenas
901 363 1027 415 teque
1058 374 1136 414 ego
1165 363 1342 416 propter
1375 374 1502 403 eram.

302 445 453 488 Molles
488 449 618 501 atque
645 445 897 488 delicatulus
937 446 1109 490 eosdem
1144 459 1235 489 esse
1276 450 1320 489 et
1358 446 1507 488 audire
1545 449 1691 489 unctos
1730 445 1933 502 exemplis
1974 446 2253 503 comprobare
2294 460 2379 489 non
2423 461 2539 504 opus.
2574 472 2626 480 —

304 531 418 575 Num
449 533 589 575 dicere
614 532 804 588 potuerit
830 536 960 587 poeta
978 535 1020 575 in
1051 533 1324 588 sequentibus

466 617 628 661 arbiter
654 617 745 673 ipse
773 617 847 670 fui,
876 618 990 662 volui
1016 620 1130 673 quod
1160 620 1343 674 contigit
1370 635 1474 664 esse.

456 707 608 756 pectus
636 717 752 747 eram
780 718 878 746 vere
904 705 1092 759 pectoris
1120 706 1214 760 ipse
1241 708 1305 749 tui
1333 732 1385 738 —

301 793 573 834 vehementur
601 791 762 832 dubito.
820 791 930 833 Nam
959 792 1062 845 quid
1091 807 1235 847 quaeso
1266 799 1331 836 est
1354 799 1499 848 pectus
1518 797 1736 849 pectoris?
1774 796 1880 839 Novi
1900 811 2009 851 quae
2028 797 2124 851 quis
2152 812 2203 840 ex
2230 798 2459 841 vernacula
2476 802 2625 842 nostra

300 880 443 935 lingua
469 879 606 934 possit
639 879 793 921 afferre
816 880 860 920 in
902 881 1264 934 comparationem
1301 884 1497 926 cadentia
1539 885 1627 926 sive
1664 884 1806 939 potius
1835 885 2019 939 speciem
2047 886 2379 938 comparationis
2407 886 2627 938 habentia,

300 967 375 1011 sed
402 967 554 1011 falsam
582 967 712 1011 illam.
771 968 854 1013 Sed
882 968 1028 1012 taedet
1056 982 1148 1012 esse
1175 970 1475 1026 prolixiorem3
1504 972 1690 1028 scripsit,
1717 972 1761 1015 ni
1790 971 1930 1025 fallor,
1960 976 2090 1029 poeta

461 1070 612 1100 sensus
640 1070 758 1099 eram
785 1070 884 1100 vere
912 1058 1099 1112 pectoris
1127 1058 1218 1112 ipse
1246 1060 1320 1101 tui.

300 1146 564 1200 (Disputavit
591 1147 645 1189 de
673 1146 891 1201 superiore
918 1146 993 1189 illo
1022 1147 1190 1190 dicendi
1218 1160 1368 1201 genere
1395 1146 1481 1189 sive
1509 1145 1644 1201 figura
1673 1146 1885 1202 Hauptius
1911 1147 1955 1190 in
1979 1147 2066 1191 ind.
2095 1147 2192 1192 lect.
2220 1153 2326 1192 aest.
2349 1148 2486 1193 Berol.
2522 1149 2628 1194 ¹859

297 1249 339 1288 p.
369 1233 396 1275 8
425 1235 565 1287 seqq.)

459 1493 538 1536 His
566 1494 603 1536 si
630 1493 807 1536 Tacitea
837 1495 1033 1548 quaedam
1063 1494 1259 1549 explendi
1287 1508 1369 1537 non
1398 1499 1485 1537 tam
1517 1495 1646 1537 animi
1674 1509 1804 1538 causa
1834 1508 1961 1550 quam
1993 1494 2084 1537 folii
2112 1493 2355 1551 subjecero,
2385 1494 2505 1537 nulla
2531 1507 2626 1537 cum

296 1582 644 1625 antecedentibus
670 1582 993 1624 necessitudinis
1022 1583 1189 1624 vinculo
1218 1584 1442 1625 coniuncta
1470 1584 1551 1625 nisi
1579 1583 1693 1639 quod
1721 1583 1901 1625 latinum
1929 1586 2110 1637 utraque
2138 1596 2375 1626 sermonem
2412 1582 2624 1634 exhibent,

294 1671 460 1713 veniam
497 1671 600 1714 mihi
637 1686 760 1728 spero
796 1674 994 1728 paratam
1023 1672 1114 1714 fore
1151 1685 1202 1714 ex
1244 1685 1360 1715 more
1387 1672 1461 1715 illo
1491 1673 1604 1727 apud
1634 1671 1810 1714 Latinos
1841 1672 2072 1727 scriptores
2101 1672 2260 1727 passim
2292 1670 2415 1713 obvio
2445 1670 2517 1725 qui
2544 1684 2623 1725 per

294 1760 459 1801 lancem
487 1765 677 1801 saturam
710 1762 910 1803 »fortuito
941 1767 1007 1810 (ut
1037 1763 1089 1802 de
1128 1776 1172 1802 se
1202 1762 1291 1814 ipse
1320 1761 1480 1802 Gellius
1509 1762 1553 1801 in
1581 1761 1746 1814 praefat.
1777 1765 1888 1803 noct.
1919 1761 2046 1802 Attio.
2075 1759 2252 1812 fatetur)
2281 1759 2347 1801 usi
2377 1773 2515 1801 rerum
2545 1772 2622 1801 or-

296 1849 406 1900 dine,
436 1862 531 1902 quae
558 1850 726 1891 libitum
756 1855 850 1892 erat
879 1852 998 1905 eujus
1026 1851 1190 1904 generis
1218 1863 1382 1903 cunque
1412 1855 1547 1901 erant,
1576 1850 1821 1890 indistincte
1849 1853 1978 1902 atque
2006 1848 2268 1903 promiscue«
2301 1848 2461 1889 chartae
2502 1861 2622 1899 man-

297 1936 471 1981 dabant.

458 2025 595 2070 Taciti
627 2027 700 2083 qui
733 2026 857 2082 vulgo
895 2026 1030 2069 fertur
1068 2026 1119 2069 de
1161 2025 1404 2069 oratoribus
1447 2026 1641 2080 dialogus
1681 2038 1732 2068 ne
1760 2029 1858 2081 post
1887 2026 2158 2069 novissimam
2187 2024 2354 2079 quidem
2387 2036 2515 2078 quam
2543 2022 2623 2065 Mi-

292 2114 451 2159 chaelis
480 2115 544 2157 vir
573 2114 920 2170 diligentissimus
950 2119 993 2157 et
1021 2114 1364 2157 accuratissimus
1393 2114 1436 2157 in
1465 2113 1708 2169 indaganda
1736 2114 2001 2169 potissimum
2031 2113 2224 2156 codicum
2255 2112 2416 2166 origine
2446 2116 2489 2153 et
2525 2124 2624 2165 cog-

289 2205 461 2247 natione
489 2204 632 2258 posuit
658 2218 844 2258 operam,
873 2204 1047 2246 nimiam
1084 2204 1266 2246 sortasse
1297 2204 1456 2258 quippe
1482 2204 1526 2245 in
1555 2204 1683 2246 rebus
1712 2215 1838 2256 saepe
1879 2200 2243 2244 inextricabilibus
2274 2203 2526 2250 versantem,
2556 2198 2620 2241 ita

294 2291 501 2335 habemus
536 2305 563 2334 a
602 2290 874 2335 librariorum
912 2290 1075 2334 mendis
1114 2296 1418 2347 perpurgatum
1456 2296 1504 2334 ut
1543 2290 1615 2347 qui
1659 2289 1712 2334 de
1749 2289 1973 2333 verborum
2002 2289 2202 2331 contextu
2230 2285 2390 2343 passim
2418 2285 2623 2329 mutando

289 2378 448 2434 cogitet
475 2377 614 2421 oleum
643 2381 687 2421 et
715 2391 887 2434 operam
918 2378 1097 2434 perdere
1127 2378 1335 2420 videatur.

455 2464 542 2507 Nec
568 2465 705 2520 ipsum
737 2464 986 2508 Michaelem
1018 2469 1060 2508 et
1088 2466 1161 2519 qui
1190 2480 1284 2508 eum
1315 2468 1486 2507 secutus
1516 2469 1582 2507 est
1602 2465 1650 2507 G.
1674 2463 1977 2507 Andresenium
2008 2476 2172 2505 omnem
2202 2476 2290 2505 rem
2314 2463 2377 2505 ita
2405 2462 2489 2506 sibi
2518 2475 2620 2517 pro-

288 2552 455 2607 fligasse
484 2552 595 2594 visos
624 2565 729 2604 esse,
758 2556 806 2594 ut
834 2553 1093 2595 dubitationi
1130 2554 1271 2595 nullus
1301 2554 1391 2608 jam
1431 2554 1549 2595 locus
1586 2554 1642 2594 sit
1671 2551 1856 2603 relic-tus,
1887 2566 1938 2593 ex
1965 2551 2212 2593 lacunarum
2241 2550 2370 2606 signis
2400 2553 2621 2604 corrupte-

286 2640 511 2694 larumque
539 2653 634 2695 quae
662 2644 896 2695 posuerunt
924 2640 1057 2695 probe
1088 2639 1359 2696 perspicitur.
1417 2639 1497 2691 Qui
1527 2639 1642 2696 quod
1670 2640 1810 2695 primo
1839 2640 1985 2682 statim
2014 2640 2153 2696 capite
2181 2642 2303 2695 (vere.
2325 2640 2351 2683 9
2379 2654 2445 2695 ap.
2470 2637 2615 2691 Mich.)

288 2729 523 2782 excipiendi
551 2728 681 2771 verbo
710 2729 1017 2784 (quaestionis
1061 2730 1227 2784 pondus
1270 2729 1510 2785 excipere«)
1552 2744 1630 2785 pro
1674 2743 1724 2772 eo
1763 2729 1877 2783 quod
1907 2728 1993 2771 sere
2022 2729 2065 2771 in
2094 2729 2175 2772 hac
2202 2729 2415 2772 locutione
2443 2727 2622 2779 obtinet,

287 2815 548 2870 suscipiendi
573 2815 748 2868 scilicet,
775 2829 860 2858 non
889 2820 988 2858 sunt
1017 2815 1179 2868 offensi,
1210 2820 1258 2858 ut
1286 2821 1385 2858 sunt
1412 2830 1439 2858 a
1465 2816 1793 2872 reprehensione
1815 2817 1910 2869 tuti,
1939 2817 2146 2872 siquidem
2164 2821 2207 2859 et
2225 2817 2340 2872 apud
2361 2816 2467 2858 alios
2486 2814 2621 2870 scrip-

285 2907 402 2947 tores
431 2904 623 2958 quamvis
651 2917 752 2947 raro
781 2903 872 2947 haec
901 2903 985 2948 duo
1014 2904 1145 2948 verba
1173 2903 1284 2947 vices
1311 2908 1568 2960 permutant,
1599 2907 1662 2948 ita
1688 2905 1732 2947 in
1752 2904 2026 2959 sequentibus
2047 2918 2128 2948 non
2151 2903 2375 2956 debebant,
2404 2902 2447 2945 ni
2474 2901 2614 2957 fallor,

285 2993 398 3036 ferre
432 2992 545 3046 hunc
573 2992 797 3034 verborum
837 2992 1027 3034 ordinem
1062 2993 1099 3034 si
1140 2992 1247 3034 mihi
1286 3008 1376 3035 mea
1401 2994 1607 3036 sententia
1630 2991 1887 3048 proferenda
1915 3006 1966 3034 ac
1993 3007 2076 3036 non
2104 2992 2487 3035 disertissimorum
2504 3022 2514 3031 .
2539 3025 2547 3033 .
2570 3024 2579 3033 .
2609 3024 2618 3033 .

285 3082 500 3124 hominum
529 3094 664 3123 sermo
692 3080 939 3133 repetendus
966 3085 1075 3122 esset
1101 3094 1180 3135 pro
1209 3094 1259 3122 eo
1288 3081 1360 3134 qui
1389 3095 1468 3122 usu
1498 3082 1685 3123 sancitus
1714 3085 1778 3123 est
1806 3095 1898 3123 mea
1922 3081 2040 3123 mihi.
2098 3080 2259 3131 Quodsi
2287 3080 2434 3121 eodem
2475 3079 2621 3133 capite

287 3173 438 3211 auctor
465 3168 691 3223 profitetur
720 3183 765 3211 se
794 3183 888 3223 quae
916 3169 1108 3211 homines
1137 3170 1199 3211 illi
1230 3170 1495 3212 disertissimi
1526 3171 1834 3225 disputaverint
1860 3170 2012 3213 iisdem
2040 3184 2151 3212 nunc
2179 3168 2368 3211 numeris
2387 3167 2621 3220 iisdemque

284 3256 527 3299 rationibus
550 3260 873 3312 persecuturum
900 3269 1005 3310 esse,
1034 3256 1241 3300 facillime
1269 3258 1439 3312 quidem
1470 3270 1563 3311 quae
1591 3258 1677 3299 sint
1704 3258 1890 3300 rationes
1916 3258 2189 3312 intellegitur,
2219 3255 2292 3310 qui
2319 3269 2417 3297 vero
2448 3254 2616 3297 numeri
