2912 3985
1444 246 1492 288 16

460 391 598 446 majus
624 395 718 433 erat
745 392 936 445 potuisse
952 390 1076 445 frui,
1105 404 1183 431 nec
1211 389 1319 432 velle
1347 389 1587 443 triumphos
1611 413 1661 421 —
1689 401 1768 431 nec
1795 388 1892 444 ipsa
1919 392 2138 433 structura
2157 390 2431 433 excusatione
2449 392 2627 441 careret,

296 476 372 519 sed
401 476 642 519 litterarum
672 477 826 519 ductus
853 477 1125 520 vehementer
1154 476 1438 531 refragantur.
1496 474 1775 519 Scribendum
1800 480 1868 520 eet
1895 477 1931 520 si
1959 477 2062 532 quid
2090 476 2213 519 video

464 565 600 622 majus
628 569 722 607 erat
738 565 938 618 patuisse
965 569 1128 617 tamen,
1158 577 1236 607 nec
1264 564 1390 616 velle,
1419 564 1681 620 triumphos,

464 655 606 708 majus
633 657 672 696 et
697 669 724 696 a
752 654 918 708 magnis
948 654 1208 696 abstinuisse
1236 653 1326 697 fuit.

463 742 657 785 Herculis
686 743 879 796 exemplo
907 742 982 784 ubi
1011 742 1147 785 utitur
1174 747 1316 797 poeta,
1352 746 1400 784 ut
1429 744 1690 784 demonstret
1734 745 1833 797 post
1875 743 2114 785 certamina
2154 742 2322 785 fortiter
2363 741 2628 797 feliciterque

295 836 471 888 peracta
499 830 666 873 mollius
696 830 807 872 vitae
835 844 967 884 genus
994 844 1077 872 non
1108 830 1306 873 dedecori
1333 843 1444 883 esse,
1473 831 1538 871 ita
1567 829 1707 885 pergit
1735 843 1772 873 v.
1792 828 1841 871 81

462 920 566 969 Quis
594 919 684 961 fore
715 918 937 969 credebat,
968 924 1181 973 premeret
1210 932 1305 960 cum
1333 918 1420 961 iam
1449 918 1628 973 impiger
1659 917 1799 961 infans

520 1006 679 1062 hydros
707 1007 900 1061 ingentes
928 1007 996 1048 vix
1025 1006 1220 1061 capiente
1248 1006 1404 1048 manu?

295 1096 530 1141 Verborum
560 1099 703 1138 autem
732 1096 776 1137 in
808 1096 953 1151 priore
979 1109 1102 1136 versu
1132 1095 1356 1138 collocatio
1400 1095 1516 1137 nullo
1561 1094 1706 1138 codice
1751 1093 1915 1147 nititur,
1954 1094 2030 1137 sed
2072 1099 2138 1139 est
2178 1095 2384 1139 correctio
2426 1095 2517 1151 ejus
2556 1095 2631 1151 qui

292 1184 473 1227 alteram
501 1183 733 1226 editionem
766 1182 964 1224 Aldinam
996 1183 1180 1233 curavit,
1210 1195 1288 1224 nec
1316 1183 1469 1236 opinor
1497 1195 1524 1223 a
1551 1195 1675 1223 sensu
1707 1181 2024 1233 commendata,
2053 1183 2090 1225 si
2118 1183 2289 1237 quidem
2314 1182 2405 1236 jam
2431 1181 2626 1227 voculam

296 1278 396 1316 ante
424 1274 604 1328 impiyer
634 1271 851 1328 epitheton
883 1271 1069 1327 positam
1100 1283 1223 1315 nemo
1252 1276 1318 1314 est
1357 1272 1458 1326 quin
1500 1269 1555 1313 ad
1595 1270 1676 1315 hoc
1713 1270 1856 1326 ipsum
1896 1270 1954 1312 sit
1990 1271 2224 1325 relaturus,
2266 1273 2528 1327 repugnante
2564 1273 2631 1316 vel

294 1364 480 1405 maxima
508 1362 733 1406 sententia.
788 1361 1007 1404 Servanda
1034 1361 1164 1416 igitur
1193 1364 1258 1403 est
1284 1360 1509 1403 verborum
1537 1360 1642 1403 ordo
1671 1373 1797 1415 quem
1828 1359 1995 1402 codices
2024 1360 2234 1416 praebent
2252 1374 2345 1403 eum
2358 1361 2455 1415 jam
2467 1363 2631 1414 premet

296 1450 383 1492 sive
411 1463 503 1491 cum
524 1450 621 1502 jam
644 1449 820 1501 premit3
849 1455 1032 1503 utraque
1062 1461 1161 1491 vero
1191 1449 1307 1491 verbi
1336 1448 1475 1491 forma
1505 1462 1635 1503 quum
1664 1448 1892 1490 manifesto
1921 1449 1978 1491 sit
2005 1453 2227 1504 corrupta,
2267 1449 2536 1491 scribendum
2566 1453 2632 1491 est

297 1541 372 1580 aut
400 1550 495 1579 cum
525 1537 743 1592 Scaligcro
770 1549 865 1579 cum
896 1540 1108 1590 rumperet
1137 1536 1315 1591 impiger
1342 1535 1503 1588 infans,
1532 1540 1608 1579 aut
1636 1535 1751 1591 quod
1777 1536 1975 1591 equidem
2002 1541 2184 1592 propter
2204 1537 2300 1590 jam
2327 1537 2520 1579 voculam
2562 1536 2631 1578 vix

296 1625 577 1669 omittendam
606 1623 879 1679 praetulerim

392 1765 397 1769 ἱ
461 1737 512 1743 -
544 1725 639 1753 cum
664 1713 753 1766 jam
784 1715 954 1765 anyeret
976 1713 1142 1767 inpiger
1168 1713 1321 1756 infans.

297 1801 499 1855 Sequitur
528 1814 693 1851 versu&
723 1800 836 1843 idem
866 1800 956 1843 sine
985 1800 1115 1844 dubio
1145 1805 1372 1857 corruptus

463 1902 612 1931 cumve
644 1894 937 1931 renascentem
967 1893 1115 1930 tereret
1144 1889 1339 1933 velociter
1368 1891 1547 1945 hydram

295 1978 368 2022 ubi
397 1983 507 2023 teste
536 1979 782 2022 Burmanno
815 1977 1045 2021 Vossianus
1087 1982 1130 2022 et
1158 1979 1375 2022 heidensis
1404 1978 1594 2034 feliciter
1631 1978 1857 2034 praebent,
1902 1979 2093 2021 nonnulli
2137 1979 2330 2031 codices,
2376 1979 2491 2034 quod
2525 1993 2628 2024 sane

297 2081 380 2110 non
410 2068 552 2121 magni
582 2072 648 2110 est
676 2068 898 2119 momenti,
930 2071 1054 2109 terret
1083 2084 1160 2123 pro
1190 2072 1358 2110 tereret.
1408 2070 1460 2109 At
1489 2081 1625 2123 neque
1653 2068 1845 2112 velociter
1872 2069 2014 2124 placet
2042 2082 2179 2124 neque
2197 2069 2397 2124 feliciter,
2427 2068 2627 2124 displicet

297 2168 397 2199 vero
425 2156 491 2197 vel
521 2155 703 2198 maxime
733 2159 892 2198 tereret.
952 2156 1017 2198 An
1049 2158 1222 2212 scripsit
1251 2162 1379 2212 poeta

464 2256 609 2286 cumve
637 2247 927 2286 renascentem
959 2247 1135 2285 torreret
1163 2245 1302 2300 letefer
1331 2245 1521 2301 Hydram
1559 2270 1599 2276 —
1616 2248 1637 2284 Ρ

296 2331 352 2372 ad
383 2329 607 2373 Herculem
636 2331 800 2374 scilicet
827 2332 1017 2375 referens
1047 2333 1160 2387 quod
1191 2334 1365 2388 proprie
1393 2334 1448 2376 ad
1478 2334 1619 2389 operis
1648 2334 1807 2376 socium
1844 2335 2008 2377 lolaum
2036 2337 2296 2390 pertineret?
2347 2338 2553 2392 Praeivit,
2583 2343 2630 2381 ut

296 2417 440 2471 video,
470 2418 706 2462 sententiae
734 2424 902 2475 partem
933 2420 1133 2463 Gorallus
1162 2420 1356 2463 velociter
1384 2424 1523 2462 ureret
1551 2422 1787 2466 scribendo.
1846 2424 1963 2466 Idem
1991 2425 2195 2469 Hercules
2225 2440 2261 2468 v.
2284 2428 2338 2469 85
2359 2441 2446 2481 seq.
2478 2427 2633 2470 dicitur

303 2505 480 2561 fregisse

466 2621 515 2625 -—-
547 2597 686 2639 tribus
715 2598 906 2639 adversis
936 2610 1203 2640 communem
1233 2600 1440 2642 fratribus
1469 2600 1609 2642 alvum

518 2689 561 2728 et
589 2698 663 2728 sex
691 2685 897 2728 adversas
925 2686 1042 2728 solus
1068 2686 1112 2729 in
1142 2700 1263 2730 arma
1292 2703 1455 2741 manua

300 2775 536 2837 Geryonem
566 2774 731 2816 scilicet
760 2774 1007 2817 triformem.
1067 2777 1150 2819 Sed
1180 2778 1276 2830 quis
1306 2792 1493 2832 unquam
1522 2778 1687 2820 audivit
1714 2779 1922 2822 adversas
1950 2782 1995 2823 in
2027 2794 2149 2824 arma
2177 2784 2356 2826 manus?
2386 2784 2559 2839 Corrige

465 2866 508 2904 et
536 2875 609 2904 sex
637 2875 861 2905 conversas
890 2863 1005 2906 solus
1034 2865 1078 2905 in
1109 2877 1232 2907 arma
1264 2877 1427 2906 manus.

300 2950 349 2993 V.
374 2949 452 2992 107
481 2964 599 3006 seqq.

470 3041 581 3093 Argo
609 3053 715 3082 saxa
743 3053 902 3094 pavens
930 3044 1160 3096 postquam
1189 3041 1385 3097 Scyllaea
1414 3043 1563 3098 relegit

523 3127 799 3182 Cyaneosque
827 3132 962 3170 metus
984 3128 1075 3183 jam
1106 3129 1329 3185 reliyauda
1357 3132 1483 3184 ratis,

463 3216 628 3258 viscera
658 3216 830 3259 dissecti
859 3222 1100 3261 mutaverat
1129 3219 1276 3262 arietis
1307 3234 1418 3274 agno

524 3304 665 3346 Aeetis
694 3306 805 3348 sucis
835 3307 1093 3362 omniperita
1122 3310 1222 3352 suis.
