<?xml version="1.0" encoding="UTF-8"?>
<!DOCTYPE html PUBLIC "-//W3C//DTD XHTML 1.0 Transitional//EN"
    "http://www.w3.org/TR/xhtml1/DTD/xhtml1-transitional.dtd">
<html xmlns="http://www.w3.org/1999/xhtml" xml:lang="en" lang="en">
 <head>
  <title>
</title>
<meta http-equiv="Content-Type" content="text/html;charset=utf-8" />
  <meta name='ocr-system' content='tesseract 3.04.00' />
  <meta name='ocr-capabilities' content='ocr_page ocr_carea ocr_par ocr_line ocrx_word'/>
</head>
<body>
  <div class='ocr_page' id='page_1' title='image "4629223_0033.png"; bbox 0 0 2912 3985; ppageno 0'>
   <div class='ocr_carea' id='block_1_1' title="bbox 1304 125 1358 169">
    <p class='ocr_par' dir='ltr' id='par_1_1' title="bbox 1304 125 1358 169">
     <span class='ocr_line' id='line_1_1' title="bbox 1304 125 1358 169; baseline 0 0"><span class='ocrx_word' id='word_1_1' title='bbox 1304 125 1358 169; x_wconf 82' lang='lat'>25</span> 
     </span>
    </p>
   </div>
   <div class='ocr_carea' id='block_1_2' title="bbox 173 257 2497 3248">
    <p class='ocr_par' dir='ltr' id='par_1_2' title="bbox 173 257 2487 854">
     <span class='ocr_line' id='line_1_2' title="bbox 175 257 2482 330; baseline -0.009 -6"><span class='ocrx_word' id='word_1_2' title='bbox 175 280 276 324; x_wconf 81' lang='lat' dir='ltr'>sunt</span> <span class='ocrx_word' id='word_1_3' title='bbox 300 276 492 322; x_wconf 77' lang='lat' dir='ltr'>homines</span> <span class='ocrx_word' id='word_1_4' title='bbox 519 274 653 328; x_wconf 85' lang='lat' dir='ltr'>docti,</span> <span class='ocrx_word' id='word_1_5' title='bbox 681 287 735 317; x_wconf 83' lang='lat' dir='ltr'>ex</span> <span class='ocrx_word' id='word_1_6' title='bbox 759 271 916 330; x_wconf 84' lang='lat' dir='ltr'>quibus</span> <span class='ocrx_word' id='word_1_7' title='bbox 942 263 1054 327; x_wconf 74' lang='lat' dir='ltr'>quae</span> <span class='ocrx_word' id='word_1_8' title='bbox 1079 269 1269 313; x_wconf 80' lang='lat' dir='ltr'>Ritterus</span> <span class='ocrx_word' id='word_1_9' title='bbox 1296 266 1478 324; x_wconf 74' lang='lat' dir='ltr'>conjecit</span> <span class='ocrx_word' id='word_1_10' title='bbox 1503 268 1551 309; x_wconf 76' lang='lat' dir='ltr'>ut</span> <span class='ocrx_word' id='word_1_11' title='bbox 1576 264 1673 308; x_wconf 77' lang='lat' dir='ltr'>aliis</span> <span class='ocrx_word' id='word_1_12' title='bbox 1700 264 1838 316; x_wconf 75' lang='lat' dir='ltr'>dubia,</span> <span class='ocrx_word' id='word_1_13' title='bbox 1865 263 1961 318; x_wconf 68' lang='lat' dir='ltr'>:sibi</span> <span class='ocrx_word' id='word_1_14' title='bbox 1998 266 2045 306; x_wconf 82' lang='lat' dir='ltr'>ut</span> <span class='ocrx_word' id='word_1_15' title='bbox 2077 276 2223 306; x_wconf 73' lang='lat' dir='ltr'>secura</span> <span class='ocrx_word' id='word_1_16' title='bbox 2261 259 2384 306; x_wconf 80' lang='lat' dir='ltr'>velint</span> <span class='ocrx_word' id='word_1_17' title='bbox 2422 257 2482 305; x_wconf 83' lang='lat' dir='ltr'>ad</span> 
     </span>
     <span class='ocr_line' id='line_1_3' title="bbox 173 353 2478 422; baseline -0.008 -11"><span class='ocrx_word' id='word_1_18' title='bbox 173 381 319 412; x_wconf 79' lang='lat' dir='ltr'>verum</span> <span class='ocrx_word' id='word_1_19' title='bbox 345 364 537 422; x_wconf 87' lang='lat' dir='ltr'>proxime</span> <span class='ocrx_word' id='word_1_20' title='bbox 554 362 659 407; x_wconf 88' lang='lat' dir='ltr'>mihi</span> <span class='ocrx_word' id='word_1_21' title='bbox 686 361 888 406; x_wconf 87' lang='lat' dir='ltr'>accedere</span> <span class='ocrx_word' id='word_1_22' title='bbox 913 360 1130 414; x_wconf 80' lang='lat' dir='ltr'>videntur,</span> <span class='ocrx_word' id='word_1_23' title='bbox 1157 371 1257 402; x_wconf 88' lang='lat' dir='ltr'>nam</span> <span class='ocrx_word' id='word_1_24' title='bbox 1285 357 1400 413; x_wconf 90' lang='lat' dir='ltr'>quod</span> <span class='ocrx_word' id='word_1_25' title='bbox 1418 355 1665 411; x_wconf 87' lang='lat' dir='ltr'>Schopenus</span> <span class='ocrx_word' id='word_1_26' title='bbox 1683 354 1908 411; x_wconf 82' lang='lat' dir='ltr'><strong>proposuit</strong></span> <span class='ocrx_word' id='word_1_27' title='bbox 1926 356 1971 396; x_wconf 90' lang='lat' dir='ltr'>ut</span> <span class='ocrx_word' id='word_1_28' title='bbox 1989 353 2205 405; x_wconf 73' lang='lat' dir='ltr'><strong><em>ancipitia,</em></strong></span> <span class='ocrx_word' id='word_1_29' title='bbox 2233 364 2315 395; x_wconf 75' lang='lat' dir='ltr'>non</span> <span class='ocrx_word' id='word_1_30' title='bbox 2332 363 2478 394; x_wconf 71' lang='lat' dir='ltr'>secura</span> 
     </span>
     <span class='ocr_line' id='line_1_4' title="bbox 174 430 2476 508; baseline -0.008 -9"><span class='ocrx_word' id='word_1_31' title='bbox 174 430 312 508; x_wconf 76' lang='lat' dir='ltr'>velint,</span> <span class='ocrx_word' id='word_1_32' title='bbox 340 452 536 508; x_wconf 79' lang='lat' dir='ltr'>equidem</span> <span class='ocrx_word' id='word_1_33' title='bbox 560 453 630 495; x_wconf 81' lang='lat' dir='ltr'>vix</span> <span class='ocrx_word' id='word_1_34' title='bbox 657 451 845 494; x_wconf 75' lang='lat' dir='ltr'>arbitror</span> <span class='ocrx_word' id='word_1_35' title='bbox 884 462 1146 493; x_wconf 88' lang='lat' dir='ltr'>communem</span> <span class='ocrx_word' id='word_1_36' title='bbox 1174 442 1390 492; x_wconf 85' lang='lat' dir='ltr'>hominum</span> <span class='ocrx_word' id='word_1_37' title='bbox 1416 449 1614 488; x_wconf 86' lang='lat' dir='ltr'>naturam</span> <span class='ocrx_word' id='word_1_38' title='bbox 1638 444 1701 487; x_wconf 87' lang='lat' dir='ltr'>ita</span> <span class='ocrx_word' id='word_1_39' title='bbox 1728 442 1917 499; x_wconf 88' lang='lat' dir='ltr'>potuisse</span> <span class='ocrx_word' id='word_1_40' title='bbox 1945 455 1972 484; x_wconf 94' lang='lat' dir='ltr'>a</span> <span class='ocrx_word' id='word_1_41' title='bbox 1998 441 2206 497; x_wconf 79' lang='lat' dir='ltr'>scriptore</span> <span class='ocrx_word' id='word_1_42' title='bbox 2232 441 2391 483; x_wconf 81' lang='lat' dir='ltr'>censeri</span> <span class='ocrx_word' id='word_1_43' title='bbox 2426 444 2476 482; x_wconf 90' lang='lat' dir='ltr'>ut</span> 
     </span>
     <span class='ocr_line' id='line_1_5' title="bbox 177 528 2482 599; baseline -0.007 -11"><span class='ocrx_word' id='word_1_44' title='bbox 177 542 381 599; x_wconf 75' lang='lat' dir='ltr'><strong>ancipitia</strong></span> <span class='ocrx_word' id='word_1_45' title='bbox 404 543 564 586; x_wconf 86' lang='lat' dir='ltr'>securis</span> <span class='ocrx_word' id='word_1_46' title='bbox 589 540 825 597; x_wconf 86' lang='lat' dir='ltr'>praeferat,</span> <span class='ocrx_word' id='word_1_47' title='bbox 854 539 931 583; x_wconf 87' lang='lat' dir='ltr'>sed</span> <span class='ocrx_word' id='word_1_48' title='bbox 956 542 1006 582; x_wconf 91' lang='lat' dir='ltr'>ut</span> <span class='ocrx_word' id='word_1_49' title='bbox 1029 538 1133 594; x_wconf 87' lang='lat' dir='ltr'>ipsi,</span> <span class='ocrx_word' id='word_1_50' title='bbox 1166 550 1305 593; x_wconf 19' lang='lat' dir='ltr'>*quum</span> <span class='ocrx_word' id='word_1_51' title='bbox 1332 536 1487 579; x_wconf 82' lang='lat' dir='ltr'><strong>dubiae</strong></span> <span class='ocrx_word' id='word_1_52' title='bbox 1513 548 1583 578; x_wconf 89' lang='lat' dir='ltr'>res</span> <span class='ocrx_word' id='word_1_53' title='bbox 1611 534 1656 576; x_wconf 87' lang='lat' dir='ltr'>in</span> <span class='ocrx_word' id='word_1_54' title='bbox 1682 535 1911 589; x_wconf 86' lang='lat' dir='ltr'>conspectu</span> <span class='ocrx_word' id='word_1_55' title='bbox 1939 534 2052 582; x_wconf 88' lang='lat' dir='ltr'>sunt,</span> <span class='ocrx_word' id='word_1_56' title='bbox 2095 543 2221 584; x_wconf 81' lang='lat' dir='ltr'>agere</span> <span class='ocrx_word' id='word_1_57' title='bbox 2247 528 2384 572; x_wconf 88' lang='lat' dir='ltr'>securi</span> <span class='ocrx_word' id='word_1_58' title='bbox 2411 538 2482 572; x_wconf 49' lang='lat' dir='ltr'>ve*</span> 
     </span>
     <span class='ocr_line' id='line_1_6' title="bbox 177 617 2480 683; baseline -0.008 -6"><span class='ocrx_word' id='word_1_59' title='bbox 177 633 267 678; x_wconf 90' lang='lat' dir='ltr'>lint.</span> <span class='ocrx_word' id='word_1_60' title='bbox 324 629 462 682; x_wconf 84' lang='lat' dir='ltr'>Quam</span> <span class='ocrx_word' id='word_1_61' title='bbox 488 626 806 680; x_wconf 59' lang='lat' dir='ltr'>sententiamfsi</span> <span class='ocrx_word' id='word_1_62' title='bbox 834 627 1015 683; x_wconf 79' lang='lat' dir='ltr'>scriptor</span> <span class='ocrx_word' id='word_1_63' title='bbox 1042 626 1110 671; x_wconf 90' lang='lat' dir='ltr'>his</span> <span class='ocrx_word' id='word_1_64' title='bbox 1136 625 1276 671; x_wconf 84' lang='lat' dir='ltr'>verbis</span> <span class='ocrx_word' id='word_1_65' title='bbox 1304 624 1455 670; x_wconf 83' lang='lat' dir='ltr'>extulit</span> <span class='ocrx_word' id='word_1_66' title='bbox 1481 627 1526 668; x_wconf 85' lang='lat' dir='ltr'>ut</span> <span class='ocrx_word' id='word_1_67' title='bbox 1554 623 1688 667; x_wconf 77' lang='lat' dir='ltr'>dubiis</span> <span class='ocrx_word' id='word_1_68' title='bbox 1716 624 1912 666; x_wconf 82' lang='lat' dir='ltr'>interesse</span> <span class='ocrx_word' id='word_1_69' title='bbox 1940 621 2075 662; x_wconf 79' lang='lat' dir='ltr'>securi</span> <span class='ocrx_word' id='word_1_70' title='bbox 2100 618 2222 662; x_wconf 82' lang='lat' dir='ltr'>velint</span> <span class='ocrx_word' id='word_1_71' title='bbox 2247 617 2340 661; x_wconf 88' lang='lat' dir='ltr'>fieri</span> <span class='ocrx_word' id='word_1_72' title='bbox 2378 628 2480 660; x_wconf 82' lang='lat' dir='ltr'>sane</span> 
     </span>
     <span class='ocr_line' id='line_1_7' title="bbox 177 703 2485 777; baseline -0.008 -12"><span class='ocrx_word' id='word_1_73' title='bbox 177 721 337 777; x_wconf 90' lang='lat' dir='ltr'>potuit,</span> <span class='ocrx_word' id='word_1_74' title='bbox 364 723 415 762; x_wconf 88' lang='lat' dir='ltr'>ut</span> <span class='ocrx_word' id='word_1_75' title='bbox 433 718 693 775; x_wconf 72' lang='lat' dir='ltr'>syllabarum</span> <span class='ocrx_word' id='word_1_76' title='bbox 711 731 755 760; x_wconf 83' lang='lat' dir='ltr'>se</span> <span class='ocrx_word' id='word_1_77' title='bbox 773 717 1004 769; x_wconf 74' lang='lat' dir='ltr'>collisione,</span> <span class='ocrx_word' id='word_1_78' title='bbox 1033 716 1208 759; x_wconf 85' lang='lat' dir='ltr'>alterius</span> <span class='ocrx_word' id='word_1_79' title='bbox 1236 714 1409 758; x_wconf 80' lang='lat' dir='ltr'>verbum</span> <span class='ocrx_word' id='word_1_80' title='bbox 1437 711 1722 763; x_wconf 86' lang='lat' dir='ltr'>terminantis,</span> <span class='ocrx_word' id='word_1_81' title='bbox 1752 709 1928 753; x_wconf 85' lang='lat' dir='ltr'>alterius</span> <span class='ocrx_word' id='word_1_82' title='bbox 1947 706 2198 758; x_wconf 73' lang='lat' dir='ltr'>incohantiS,</span> <span class='ocrx_word' id='word_1_83' title='bbox 2223 705 2356 750; x_wconf 90' lang='lat' dir='ltr'>oculis</span> <span class='ocrx_word' id='word_1_84' title='bbox 2376 703 2485 749; x_wconf 85' lang='lat' dir='ltr'>scri·</span> 
     </span>
     <span class='ocr_line' id='line_1_8' title="bbox 181 779 2487 854; baseline -0.008 -1"><span class='ocrx_word' id='word_1_85' title='bbox 181 810 318 854; x_wconf 90' lang='lat' dir='ltr'>bentis</span> <span class='ocrx_word' id='word_1_86' title='bbox 346 808 403 852; x_wconf 88' lang='lat' dir='ltr'>ad</span> <span class='ocrx_word' id='word_1_87' title='bbox 430 809 612 851; x_wconf 86' lang='lat' dir='ltr'>alterum</span> <span class='ocrx_word' id='word_1_88' title='bbox 640 779 936 850; x_wconf 81' lang='lat' dir='ltr'>aberrantibus</span> <span class='ocrx_word' id='word_1_89' title='bbox 965 807 1122 849; x_wconf 87' lang='lat' dir='ltr'>hausta</span> <span class='ocrx_word' id='word_1_90' title='bbox 1149 805 1237 848; x_wconf 91' lang='lat' dir='ltr'>sint</span> <span class='ocrx_word' id='word_1_91' title='bbox 1262 804 1393 847; x_wconf 82' lang='lat' dir='ltr'>verba</span> <span class='ocrx_word' id='word_1_92' title='bbox 1421 802 1555 846; x_wconf 82' lang='lat' dir='ltr'>dubiis</span> <span class='ocrx_word' id='word_1_93' title='bbox 1580 804 1791 851; x_wconf 74' lang='lat' dir='ltr'>interesse,</span> <span class='ocrx_word' id='word_1_94' title='bbox 1819 798 1932 841; x_wconf 91' lang='lat' dir='ltr'>unde</span> <span class='ocrx_word' id='word_1_95' title='bbox 1958 800 2001 840; x_wconf 88' lang='lat' dir='ltr'>et</span> <span class='ocrx_word' id='word_1_96' title='bbox 2026 795 2166 838; x_wconf 90' lang='lat' dir='ltr'>labem</span> <span class='ocrx_word' id='word_1_97' title='bbox 2180 794 2322 853; x_wconf 25' lang='lat' dir='ltr'>&#39;traxit</span> <span class='ocrx_word' id='word_1_98' title='bbox 2340 794 2487 836; x_wconf 70' lang='lat' dir='ltr'>securi,</span> 
     </span>
    </p>

    <p class='ocr_par' dir='ltr' id='par_1_3' title="bbox 173 882 2494 1479">
     <span class='ocr_line' id='line_1_9' title="bbox 343 882 2488 950; baseline -0.007 -10"><span class='ocrx_word' id='word_1_99' title='bbox 343 898 388 941; x_wconf 85' lang='lat' dir='ltr'>C.</span> <span class='ocrx_word' id='word_1_100' title='bbox 409 896 602 950; x_wconf 88' lang='lat' dir='ltr'>XXXIV,</span> <span class='ocrx_word' id='word_1_101' title='bbox 630 912 666 939; x_wconf 82' lang='lat' dir='ltr'>v.</span> <span class='ocrx_word' id='word_1_102' title='bbox 696 897 733 939; x_wconf 89' lang='lat'>3.</span> <span class='ocrx_word' id='word_1_103' title='bbox 789 897 1000 950; x_wconf 78' lang='lat' dir='ltr'>Quantum</span> <span class='ocrx_word' id='word_1_104' title='bbox 1027 895 1281 938; x_wconf 83' lang='lat' dir='ltr'>humilitatis</span> <span class='ocrx_word' id='word_1_105' title='bbox 1300 897 1508 948; x_wconf 80' lang='lat' dir='ltr'>putamus</span> <span class='ocrx_word' id='word_1_106' title='bbox 1534 891 1771 947; x_wconf 61' lang='lat' dir='ltr'>eloquentiae</span> <span class='ocrx_word' id='word_1_107' title='bbox 1798 887 1993 932; x_wconf 86' lang='lat' dir='ltr'>attulisse</span> <span class='ocrx_word' id='word_1_108' title='bbox 2017 885 2225 940; x_wconf 75' lang='lat' dir='ltr'>paenulas</span> <span class='ocrx_word' id='word_1_109' title='bbox 2251 885 2361 928; x_wconf 84' lang='lat' dir='ltr'>istas</span> <span class='ocrx_word' id='word_1_110' title='bbox 2388 882 2488 938; x_wconf 75' lang='lat' dir='ltr'>qui·&#39;</span> 
     </span>
     <span class='ocr_line' id='line_1_10' title="bbox 176 971 2478 1038; baseline -0.008 -7"><span class='ocrx_word' id='word_1_111' title='bbox 176 989 253 1031; x_wconf 83' lang='lat' dir='ltr'>bus</span> <span class='ocrx_word' id='word_1_112' title='bbox 280 986 478 1030; x_wconf 82' lang='lat' dir='ltr'>adstricti</span> <span class='ocrx_word' id='word_1_113' title='bbox 504 989 544 1029; x_wconf 88' lang='lat' dir='ltr'>et</span> <span class='ocrx_word' id='word_1_114' title='bbox 568 985 678 1028; x_wconf 85' lang='lat' dir='ltr'>velut</span> <span class='ocrx_word' id='word_1_115' title='bbox 703 985 860 1028; x_wconf 85' lang='lat' dir='ltr'>inclusi</span> <span class='ocrx_word' id='word_1_116' title='bbox 888 998 981 1028; x_wconf 90' lang='lat' dir='ltr'>cum</span> <span class='ocrx_word' id='word_1_117' title='bbox 1008 984 1225 1027; x_wconf 85' lang='lat' dir='ltr'>indicibus</span> <span class='ocrx_word' id='word_1_118' title='bbox 1241 981 1506 1038; x_wconf 78' lang='lat' dir='ltr'><strong><em>fabulamur.</em></strong></span> <span class='ocrx_word' id='word_1_119' title='bbox 1536 978 1788 1023; x_wconf 88' lang='lat' dir='ltr'>Posterioris</span> <span class='ocrx_word' id='word_1_120' title='bbox 1807 975 2012 1033; x_wconf 89' lang='lat' dir='ltr'>temporis</span> <span class='ocrx_word' id='word_1_121' title='bbox 2031 978 2222 1017; x_wconf 86' lang='lat' dir='ltr'>oratores</span> <span class='ocrx_word' id='word_1_122' title='bbox 2241 971 2478 1016; x_wconf 74' lang='lat' dir='ltr'>vestimenti</span> 
     </span>
     <span class='ocr_line' id='line_1_11' title="bbox 177 1061 2494 1132; baseline -0.007 -13"><span class='ocrx_word' id='word_1_123' title='bbox 177 1076 362 1132; x_wconf 88' lang='lat' dir='ltr'>quodam</span> <span class='ocrx_word' id='word_1_124' title='bbox 386 1087 538 1129; x_wconf 82' lang='lat' dir='ltr'>genere</span> <span class='ocrx_word' id='word_1_125' title='bbox 565 1073 752 1116; x_wconf 86' lang='lat' dir='ltr'>diversos</span> <span class='ocrx_word' id='word_1_126' title='bbox 781 1073 911 1116; x_wconf 81' lang='lat' dir='ltr'>fuisse</span> <span class='ocrx_word' id='word_1_127' title='bbox 936 1087 963 1115; x_wconf 88' lang='lat' dir='ltr'>a</span> <span class='ocrx_word' id='word_1_128' title='bbox 989 1072 1202 1128; x_wconf 83' lang='lat' dir='ltr'>prioribus</span> <span class='ocrx_word' id='word_1_129' title='bbox 1230 1075 1436 1128; x_wconf 88' lang='lat' dir='ltr'>quantum</span> <span class='ocrx_word' id='word_1_130' title='bbox 1463 1070 1551 1113; x_wconf 90' lang='lat' dir='ltr'>scio</span> <span class='ocrx_word' id='word_1_131' title='bbox 1576 1068 1747 1112; x_wconf 83' lang='lat' dir='ltr'>aliunde</span> <span class='ocrx_word' id='word_1_132' title='bbox 1773 1081 1858 1110; x_wconf 90' lang='lat' dir='ltr'>non</span> <span class='ocrx_word' id='word_1_133' title='bbox 1887 1068 2071 1116; x_wconf 86' lang='lat' dir='ltr'>constat,</span> <span class='ocrx_word' id='word_1_134' title='bbox 2108 1063 2221 1118; x_wconf 91' lang='lat' dir='ltr'>quod</span> <span class='ocrx_word' id='word_1_135' title='bbox 2250 1066 2300 1105; x_wconf 89' lang='lat' dir='ltr'>ut</span> <span class='ocrx_word' id='word_1_136' title='bbox 2324 1063 2389 1105; x_wconf 89' lang='lat' dir='ltr'>ita</span> <span class='ocrx_word' id='word_1_137' title='bbox 2416 1061 2494 1113; x_wconf 63' lang='lat' dir='ltr'>sit,</span> 
     </span>
     <span class='ocr_line' id='line_1_12' title="bbox 173 1152 2482 1214; baseline -0.006 -8"><span class='ocrx_word' id='word_1_138' title='bbox 173 1168 318 1206; x_wconf 86' lang='lat' dir='ltr'>tamen</span> <span class='ocrx_word' id='word_1_139' title='bbox 344 1175 430 1204; x_wconf 88' lang='lat' dir='ltr'>non</span> <span class='ocrx_word' id='word_1_140' title='bbox 458 1160 584 1203; x_wconf 80' lang='lat' dir='ltr'>facile</span> <span class='ocrx_word' id='word_1_141' title='bbox 611 1160 765 1203; x_wconf 85' lang='lat' dir='ltr'>dixeris</span> <span class='ocrx_word' id='word_1_142' title='bbox 791 1159 1003 1214; x_wconf 91' lang='lat' dir='ltr'>quomodo</span> <span class='ocrx_word' id='word_1_143' title='bbox 1036 1159 1175 1202; x_wconf 83' lang='lat' dir='ltr'>valere</span> <span class='ocrx_word' id='word_1_144' title='bbox 1214 1160 1402 1214; x_wconf 88' lang='lat' dir='ltr'>potuerit</span> <span class='ocrx_word' id='word_1_145' title='bbox 1428 1158 1485 1201; x_wconf 84' lang='lat' dir='ltr'>ad</span> <span class='ocrx_word' id='word_1_146' title='bbox 1513 1156 1819 1201; x_wconf 84' lang='lat' dir='ltr'>debilitandam</span> <span class='ocrx_word' id='word_1_147' title='bbox 1846 1159 1976 1208; x_wconf 86' lang='lat' dir='ltr'>atque</span> <span class='ocrx_word' id='word_1_148' title='bbox 2003 1152 2319 1207; x_wconf 78' lang='lat' dir='ltr'>deprimendam</span> <span class='ocrx_word' id='word_1_149' title='bbox 2346 1154 2482 1193; x_wconf 90' lang='lat' dir='ltr'>artem</span> 
     </span>
     <span class='ocr_line' id='line_1_13' title="bbox 179 1240 2485 1303; baseline -0.006 -10"><span class='ocrx_word' id='word_1_150' title='bbox 179 1249 429 1300; x_wconf 82' lang='lat' dir='ltr'>oratoriam3</span> <span class='ocrx_word' id='word_1_151' title='bbox 457 1248 560 1291; x_wconf 88' lang='lat' dir='ltr'>mihi</span> <span class='ocrx_word' id='word_1_152' title='bbox 588 1248 759 1302; x_wconf 89' lang='lat' dir='ltr'>quidem</span> <span class='ocrx_word' id='word_1_153' title='bbox 786 1248 948 1302; x_wconf 88' lang='lat' dir='ltr'>aliquid</span> <span class='ocrx_word' id='word_1_154' title='bbox 967 1247 1217 1303; x_wconf 71' lang='lat' dir='ltr'>corruptelae</span> <span class='ocrx_word' id='word_1_155' title='bbox 1236 1247 1404 1290; x_wconf 87' lang='lat' dir='ltr'>subolet</span> <span class='ocrx_word' id='word_1_156' title='bbox 1430 1247 1647 1302; x_wconf 89' lang='lat' dir='ltr'>reputanti</span> <span class='ocrx_word' id='word_1_157' title='bbox 1673 1247 1718 1288; x_wconf 92' lang='lat' dir='ltr'>in</span> <span class='ocrx_word' id='word_1_158' title='bbox 1745 1245 1840 1287; x_wconf 89' lang='lat' dir='ltr'>luce</span> <span class='ocrx_word' id='word_1_159' title='bbox 1858 1243 2032 1299; x_wconf 87' lang='lat' dir='ltr'>publica</span> <span class='ocrx_word' id='word_1_160' title='bbox 2048 1242 2207 1285; x_wconf 81' lang='lat' dir='ltr'>versari</span> <span class='ocrx_word' id='word_1_161' title='bbox 2225 1240 2374 1284; x_wconf 85' lang='lat' dir='ltr'>solitos</span> <span class='ocrx_word' id='word_1_162' title='bbox 2392 1251 2485 1282; x_wconf 86' lang='lat' dir='ltr'>esse</span> 
     </span>
     <span class='ocr_line' id='line_1_14' title="bbox 178 1323 2486 1394; baseline -0.006 -13"><span class='ocrx_word' id='word_1_163' title='bbox 178 1338 358 1394; x_wconf 90' lang='lat' dir='ltr'>priores,</span> <span class='ocrx_word' id='word_1_164' title='bbox 386 1336 645 1392; x_wconf 88' lang='lat' dir='ltr'>posteriores</span> <span class='ocrx_word' id='word_1_165' title='bbox 672 1339 816 1378; x_wconf 88' lang='lat' dir='ltr'>autem</span> <span class='ocrx_word' id='word_1_166' title='bbox 842 1336 887 1378; x_wconf 89' lang='lat' dir='ltr'>in</span> <span class='ocrx_word' id='word_1_167' title='bbox 915 1335 1075 1378; x_wconf 89' lang='lat' dir='ltr'>umbris</span> <span class='ocrx_word' id='word_1_168' title='bbox 1102 1335 1190 1378; x_wconf 85' lang='lat' dir='ltr'>fere</span> <span class='ocrx_word' id='word_1_169' title='bbox 1217 1335 1370 1378; x_wconf 84' lang='lat' dir='ltr'>aedium</span> <span class='ocrx_word' id='word_1_170' title='bbox 1399 1348 1550 1378; x_wconf 86' lang='lat' dir='ltr'>causas</span> <span class='ocrx_word' id='word_1_171' title='bbox 1578 1336 1758 1387; x_wconf 81' lang='lat' dir='ltr'>dixisse,</span> <span class='ocrx_word' id='word_1_172' title='bbox 1797 1334 2016 1387; x_wconf 87' lang='lat' dir='ltr'>oriturque</span> <span class='ocrx_word' id='word_1_173' title='bbox 2053 1329 2239 1385; x_wconf 85' lang='lat' dir='ltr'>suspicio</span> <span class='ocrx_word' id='word_1_174' title='bbox 2268 1323 2486 1382; x_wconf 85' lang='lat' dir='ltr'>scripsisse</span> 
     </span>
     <span class='ocr_line' id='line_1_15' title="bbox 181 1416 752 1479; baseline 0 -12"><span class='ocrx_word' id='word_1_175' title='bbox 181 1416 375 1469; x_wconf 84' lang='lat' dir='ltr'>Tacitum</span> <span class='ocrx_word' id='word_1_176' title='bbox 395 1423 602 1479; x_wconf 76' lang='lat' dir='ltr'>perqulas</span> <span class='ocrx_word' id='word_1_177' title='bbox 630 1423 752 1467; x_wconf 86' lang='lat' dir='ltr'>istas.</span> 
     </span>
    </p>

    <p class='ocr_par' dir='ltr' id='par_1_4' title="bbox 178 1502 2491 1920">
     <span class='ocr_line' id='line_1_16' title="bbox 341 1502 2485 1566; baseline -0.004 -11"><span class='ocrx_word' id='word_1_178' title='bbox 341 1512 451 1555; x_wconf 90' lang='lat' dir='ltr'>Ibid.</span> <span class='ocrx_word' id='word_1_179' title='bbox 479 1526 517 1556; x_wconf 68' lang='grc' dir='ltr'>ν.</span> <span class='ocrx_word' id='word_1_180' title='bbox 546 1511 610 1553; x_wconf 81' lang='grc'>27.</span> <span class='ocrx_word' id='word_1_181' title='bbox 664 1511 813 1566; x_wconf 88' lang='lat' dir='ltr'>Itaque</span> <span class='ocrx_word' id='word_1_182' title='bbox 839 1511 1020 1554; x_wconf 80' lang='lat' dir='ltr'>Hercule</span> <span class='ocrx_word' id='word_1_183' title='bbox 1046 1511 1250 1566; x_wconf 84' lang='lat' dir='ltr'>ejusmodi</span> <span class='ocrx_word' id='word_1_184' title='bbox 1277 1511 1379 1553; x_wconf 81' lang='lat' dir='ltr'>libri</span> <span class='ocrx_word' id='word_1_185' title='bbox 1410 1515 1577 1554; x_wconf 77' lang='lat' dir='ltr'>exstant</span> <span class='ocrx_word' id='word_1_186' title='bbox 1615 1515 1663 1553; x_wconf 89' lang='lat' dir='ltr'>ut</span> <span class='ocrx_word' id='word_1_187' title='bbox 1688 1510 1777 1564; x_wconf 80' lang='lat' dir='ltr'>ipsi</span> <span class='ocrx_word' id='word_1_188' title='bbox 1805 1523 1962 1565; x_wconf 87' lang='lat' dir='ltr'>quoque</span> <span class='ocrx_word' id='word_1_189' title='bbox 1980 1509 2054 1564; x_wconf 87' lang='lat' dir='ltr'>qui</span> <span class='ocrx_word' id='word_1_190' title='bbox 2081 1510 2249 1562; x_wconf 65' lang='lat' dir='ltr'>egerunt</span> <span class='ocrx_word' id='word_1_191' title='bbox 2273 1518 2354 1549; x_wconf 88' lang='lat' dir='ltr'>non</span> <span class='ocrx_word' id='word_1_192' title='bbox 2382 1502 2485 1546; x_wconf 77' lang='lat' dir='ltr'>aliis</span> 
     </span>
     <span class='ocr_line' id='line_1_17' title="bbox 179 1595 2488 1658; baseline -0.005 -12"><span class='ocrx_word' id='word_1_193' title='bbox 179 1602 318 1658; x_wconf 77' lang='lat' dir='ltr'>mayis</span> <span class='ocrx_word' id='word_1_194' title='bbox 344 1599 607 1645; x_wconf 80' lang='lat' dir='ltr'>orationibus</span> <span class='ocrx_word' id='word_1_195' title='bbox 635 1602 893 1642; x_wconf 75' lang='lat' dir='ltr'>censeantur.</span> <span class='ocrx_word' id='word_1_196' title='bbox 939 1600 1022 1641; x_wconf 88' lang='lat' dir='ltr'>Aut</span> <span class='ocrx_word' id='word_1_197' title='bbox 1048 1599 1316 1643; x_wconf 81' lang='lat' dir='ltr'>vehementer</span> <span class='ocrx_word' id='word_1_198' title='bbox 1349 1599 1476 1642; x_wconf 85' lang='lat' dir='ltr'>fallor</span> <span class='ocrx_word' id='word_1_199' title='bbox 1503 1603 1578 1642; x_wconf 89' lang='lat' dir='ltr'>aut</span> <span class='ocrx_word' id='word_1_200' title='bbox 1605 1600 1699 1642; x_wconf 87' lang='lat' dir='ltr'>hiat</span> <span class='ocrx_word' id='word_1_201' title='bbox 1726 1600 1862 1642; x_wconf 83' lang='lat' dir='ltr'>oratio</span> <span class='ocrx_word' id='word_1_202' title='bbox 1891 1598 2074 1641; x_wconf 86' lang='lat' dir='ltr'>Tantam</span> <span class='ocrx_word' id='word_1_203' title='bbox 2101 1596 2211 1638; x_wconf 86' lang='lat' dir='ltr'>enim</span> <span class='ocrx_word' id='word_1_204' title='bbox 2236 1595 2365 1637; x_wconf 88' lang='lat' dir='ltr'>fuisse</span> <span class='ocrx_word' id='word_1_205' title='bbox 2391 1605 2488 1635; x_wconf 86' lang='lat' dir='ltr'>ora-</span> 
     </span>
     <span class='ocr_line' id='line_1_18' title="bbox 180 1684 2491 1743; baseline -0.005 -9"><span class='ocrx_word' id='word_1_206' title='bbox 180 1691 337 1734; x_wconf 87' lang='lat' dir='ltr'>toriam</span> <span class='ocrx_word' id='word_1_207' title='bbox 363 1689 523 1733; x_wconf 90' lang='lat' dir='ltr'>famam</span> <span class='ocrx_word' id='word_1_208' title='bbox 552 1689 735 1743; x_wconf 85' lang='lat' dir='ltr'>scriptor</span> <span class='ocrx_word' id='word_1_209' title='bbox 762 1688 823 1730; x_wconf 87' lang='lat' dir='ltr'>ait</span> <span class='ocrx_word' id='word_1_210' title='bbox 850 1692 900 1729; x_wconf 92' lang='lat' dir='ltr'>ut</span> <span class='ocrx_word' id='word_1_211' title='bbox 927 1687 994 1730; x_wconf 81' lang='lat' dir='ltr'>vel</span> <span class='ocrx_word' id='word_1_212' title='bbox 1021 1701 1161 1730; x_wconf 87' lang='lat' dir='ltr'>rerum</span> <span class='ocrx_word' id='word_1_213' title='bbox 1190 1692 1403 1743; x_wconf 87' lang='lat' dir='ltr'>gestarum</span> <span class='ocrx_word' id='word_1_214' title='bbox 1434 1690 1571 1743; x_wconf 87' lang='lat' dir='ltr'>gloria</span> <span class='ocrx_word' id='word_1_215' title='bbox 1598 1689 1727 1731; x_wconf 87' lang='lat' dir='ltr'>fuerit</span> <span class='ocrx_word' id='word_1_216' title='bbox 1753 1688 1905 1743; x_wconf 87' lang='lat' dir='ltr'>potior,</span> <span class='ocrx_word' id='word_1_217' title='bbox 1934 1688 2015 1730; x_wconf 87' lang='lat' dir='ltr'>hoc</span> <span class='ocrx_word' id='word_1_218' title='bbox 2045 1690 2123 1738; x_wconf 86' lang='lat' dir='ltr'>est,</span> <span class='ocrx_word' id='word_1_219' title='bbox 2151 1688 2198 1727; x_wconf 88' lang='lat' dir='ltr'>ut</span> <span class='ocrx_word' id='word_1_220' title='bbox 2224 1684 2308 1737; x_wconf 81' lang='lat' dir='ltr'>ipsi</span> <span class='ocrx_word' id='word_1_221' title='bbox 2334 1694 2491 1737; x_wconf 88' lang='lat' dir='ltr'>quoque</span> 
     </span>
     <span class='ocr_line' id='line_1_19' title="bbox 185 1772 2490 1835; baseline -0.005 -13"><span class='ocrx_word' id='word_1_222' title='bbox 185 1780 267 1835; x_wconf 88' lang='lat'>(=</span> <span class='ocrx_word' id='word_1_223' title='bbox 283 1779 441 1831; x_wconf 86' lang='lat' dir='ltr'>etiam)</span> <span class='ocrx_word' id='word_1_224' title='bbox 471 1778 545 1832; x_wconf 87' lang='lat' dir='ltr'>qui-</span> <span class='ocrx_word' id='word_1_225' title='bbox 574 1779 743 1831; x_wconf 73' lang='lat' dir='ltr'>eyerunt</span> <span class='ocrx_word' id='word_1_226' title='bbox 771 1779 843 1830; x_wconf 86' lang='lat'>(=</span> <span class='ocrx_word' id='word_1_227' title='bbox 856 1788 925 1817; x_wconf 87' lang='lat' dir='ltr'>res</span> <span class='ocrx_word' id='word_1_228' title='bbox 954 1777 1192 1830; x_wconf 88' lang='lat' dir='ltr'>gesserunt)</span> <span class='ocrx_word' id='word_1_229' title='bbox 1225 1788 1308 1818; x_wconf 88' lang='lat' dir='ltr'>non</span> <span class='ocrx_word' id='word_1_230' title='bbox 1336 1776 1438 1818; x_wconf 86' lang='lat' dir='ltr'>aliis</span> <span class='ocrx_word' id='word_1_231' title='bbox 1464 1777 1603 1830; x_wconf 75' lang='lat' dir='ltr'>mayis</span> <span class='ocrx_word' id='word_1_232' title='bbox 1635 1777 1757 1819; x_wconf 75' lang='lat' dir='ltr'>rebus</span> <span class='ocrx_word' id='word_1_233' title='bbox 1791 1786 1908 1831; x_wconf 85' lang='lat' dir='ltr'>quam</span> <span class='ocrx_word' id='word_1_234' title='bbox 1943 1773 2205 1816; x_wconf 85' lang='lat' dir='ltr'>orationibus</span> <span class='ocrx_word' id='word_1_235' title='bbox 2232 1772 2490 1813; x_wconf 79' lang='lat' dir='ltr'>censeantur.</span> 
     </span>
     <span class='ocr_line' id='line_1_20' title="bbox 178 1864 1066 1920; baseline -0.006 -10"><span class='ocrx_word' id='word_1_236' title='bbox 178 1866 439 1910; x_wconf 81' lang='lat' dir='ltr'>Exciderunt</span> <span class='ocrx_word' id='word_1_237' title='bbox 452 1866 594 1920; x_wconf 79' lang='lat' dir='ltr'>‘igitur</span> <span class='ocrx_word' id='word_1_238' title='bbox 621 1865 751 1906; x_wconf 86' lang='lat' dir='ltr'>verba</span> <span class='ocrx_word' id='word_1_239' title='bbox 776 1864 904 1907; x_wconf 74' lang='lat' dir='ltr'>rebus</span> <span class='ocrx_word' id='word_1_240' title='bbox 930 1877 1066 1918; x_wconf 83' lang='lat' dir='ltr'>quam.</span> 
     </span>
    </p>

    <p class='ocr_par' dir='ltr' id='par_1_5' title="bbox 173 1946 2497 2893">
     <span class='ocr_line' id='line_1_21' title="bbox 348 1946 2489 2005; baseline -0.003 -10"><span class='ocrx_word' id='word_1_241' title='bbox 348 1953 393 1997; x_wconf 87' lang='lat' dir='ltr'>C.</span> <span class='ocrx_word' id='word_1_242' title='bbox 421 1952 510 1995; x_wconf 82' lang='lat' dir='ltr'>XL.</span> <span class='ocrx_word' id='word_1_243' title='bbox 538 1953 629 1995; x_wconf 89' lang='lat' dir='ltr'>init.</span> <span class='ocrx_word' id='word_1_244' title='bbox 685 1951 787 1995; x_wconf 81' lang='lat' dir='ltr'>Jam</span> <span class='ocrx_word' id='word_1_245' title='bbox 814 1966 910 1995; x_wconf 88' lang='lat' dir='ltr'>vero</span> <span class='ocrx_word' id='word_1_246' title='bbox 939 1952 1146 1995; x_wconf 82' lang='lat' dir='ltr'>contiones</span> <span class='ocrx_word' id='word_1_247' title='bbox 1173 1952 1360 1995; x_wconf 81' lang='lat' dir='ltr'>assiduae</span> <span class='ocrx_word' id='word_1_248' title='bbox 1386 1956 1425 1995; x_wconf 88' lang='lat' dir='ltr'>et</span> <span class='ocrx_word' id='word_1_249' title='bbox 1451 1953 1597 1995; x_wconf 87' lang='lat' dir='ltr'>datum</span> <span class='ocrx_word' id='word_1_250' title='bbox 1623 1953 1696 1995; x_wconf 87' lang='lat' dir='ltr'>ius</span> <span class='ocrx_word' id='word_1_251' title='bbox 1717 1951 2062 2005; x_wconf 80' lang='lat' dir='ltr'>potentissimum</span> <span class='ocrx_word' id='word_1_252' title='bbox 2089 1962 2284 2003; x_wconf 79' lang='lat' dir='ltr'>quemque</span> <span class='ocrx_word' id='word_1_253' title='bbox 2310 1946 2489 1990; x_wconf 79' lang='lat' dir='ltr'>vexandi</span> 
     </span>
     <span class='ocr_line' id='line_1_22' title="bbox 183 2038 2494 2098; baseline -0.005 -11"><span class='ocrx_word' id='word_1_254' title='bbox 183 2048 306 2098; x_wconf 86' lang='lat' dir='ltr'>atque</span> <span class='ocrx_word' id='word_1_255' title='bbox 335 2044 434 2095; x_wconf 84' lang='lat' dir='ltr'>ipsa</span> <span class='ocrx_word' id='word_1_256' title='bbox 467 2042 795 2084; x_wconf 73' lang='lat' dir='ltr'>inimicitiarum</span> <span class='ocrx_word' id='word_1_257' title='bbox 818 2042 977 2094; x_wconf 74' lang='lat' dir='ltr'>yloria,</span> <span class='ocrx_word' id='word_1_258' title='bbox 1022 2055 1116 2083; x_wconf 85' lang='lat' dir='ltr'>cum</span> <span class='ocrx_word' id='word_1_259' title='bbox 1156 2055 1203 2083; x_wconf 89' lang='lat' dir='ltr'>se</span> <span class='ocrx_word' id='word_1_260' title='bbox 1233 2042 1418 2093; x_wconf 79' lang='lat' dir='ltr'>plurimi</span> <span class='ocrx_word' id='word_1_261' title='bbox 1446 2043 1699 2084; x_wconf 75' lang='lat' dir='ltr'>disertorum</span> <span class='ocrx_word' id='word_1_262' title='bbox 1742 2055 1793 2083; x_wconf 89' lang='lat' dir='ltr'>ne</span> <span class='ocrx_word' id='word_1_263' title='bbox 1833 2056 1861 2082; x_wconf 86' lang='lat' dir='ltr'>a</span> <span class='ocrx_word' id='word_1_264' title='bbox 1888 2041 1938 2083; x_wconf 85' lang='lat' dir='ltr'>P.</span> <span class='ocrx_word' id='word_1_265' title='bbox 1980 2039 2145 2093; x_wconf 88' lang='lat' dir='ltr'>quidem</span> <span class='ocrx_word' id='word_1_266' title='bbox 2186 2038 2378 2090; x_wconf 78' lang='lat' dir='ltr'>Scipione</span> <span class='ocrx_word' id='word_1_267' title='bbox 2419 2038 2494 2076; x_wconf 87' lang='lat' dir='ltr'>aut</span> 
     </span>
     <span class='ocr_line' id='line_1_23' title="bbox 184 2125 2497 2184; baseline -0.004 -8"><span class='ocrx_word' id='word_1_268' title='bbox 184 2132 235 2175; x_wconf 89' lang='lat' dir='ltr'>L.</span> <span class='ocrx_word' id='word_1_269' title='bbox 263 2132 384 2175; x_wconf 85' lang='lat' dir='ltr'>Sulla</span> <span class='ocrx_word' id='word_1_270' title='bbox 415 2133 490 2173; x_wconf 84' lang='lat' dir='ltr'>aut</span> <span class='ocrx_word' id='word_1_271' title='bbox 521 2130 596 2172; x_wconf 85' lang='lat' dir='ltr'>Cn.</span> <span class='ocrx_word' id='word_1_272' title='bbox 626 2130 821 2183; x_wconf 78' lang='lat' dir='ltr'>Pompeio</span> <span class='ocrx_word' id='word_1_273' title='bbox 850 2130 1105 2172; x_wconf 79' lang='lat' dir='ltr'>abstinerent</span> <span class='ocrx_word' id='word_1_274' title='bbox 1131 2134 1170 2171; x_wconf 85' lang='lat' dir='ltr'>et</span> <span class='ocrx_word' id='word_1_275' title='bbox 1199 2130 1258 2172; x_wconf 82' lang='lat' dir='ltr'>ad</span> <span class='ocrx_word' id='word_1_276' title='bbox 1282 2131 1549 2173; x_wconf 83' lang='lat' dir='ltr'>incessendos</span> <span class='ocrx_word' id='word_1_277' title='bbox 1568 2131 1791 2184; x_wconf 79' lang='lat' dir='ltr'>principes</span> <span class='ocrx_word' id='word_1_278' title='bbox 1817 2130 1945 2180; x_wconf 84' lang='lat' dir='ltr'>vivos,</span> <span class='ocrx_word' id='word_1_279' title='bbox 1973 2133 2020 2170; x_wconf 88' lang='lat' dir='ltr'>ut</span> <span class='ocrx_word' id='word_1_280' title='bbox 2046 2132 2108 2170; x_wconf 86' lang='lat' dir='ltr'>est</span> <span class='ocrx_word' id='word_1_281' title='bbox 2134 2131 2289 2169; x_wconf 87' lang='lat' dir='ltr'>natura</span> <span class='ocrx_word' id='word_1_282' title='bbox 2316 2125 2497 2176; x_wconf 85' lang='lat' dir='ltr'>invidioe,</span> 
     </span>
     <span class='ocr_line' id='line_1_24' title="bbox 176 2213 2497 2274; baseline -0.001 -14"><span class='ocrx_word' id='word_1_283' title='bbox 176 2220 332 2274; x_wconf 74' lang='lat' dir='ltr'>populi</span> <span class='ocrx_word' id='word_1_284' title='bbox 362 2231 531 2273; x_wconf 88' lang='lat' dir='ltr'>quoque,</span> <span class='ocrx_word' id='word_1_285' title='bbox 561 2231 634 2259; x_wconf 89' lang='lat' dir='ltr'>ceu</span> <span class='ocrx_word' id='word_1_286' title='bbox 662 2217 894 2259; x_wconf 80' lang='lat' dir='ltr'>histriones</span> <span class='ocrx_word' id='word_1_287' title='bbox 921 2217 1102 2259; x_wconf 84' lang='lat' dir='ltr'>auribus</span> <span class='ocrx_word' id='word_1_288' title='bbox 1129 2218 1156 2269; x_wconf 89' lang='lat'><strong>†</strong></span> <span class='ocrx_word' id='word_1_289' title='bbox 1182 2220 1416 2270; x_wconf 78' lang='lat' dir='ltr'>uterentur,</span> <span class='ocrx_word' id='word_1_290' title='bbox 1443 2220 1643 2271; x_wconf 80' lang='lat' dir='ltr'>quantum</span> <span class='ocrx_word' id='word_1_291' title='bbox 1671 2217 1864 2259; x_wconf 86' lang='lat' dir='ltr'>ardorem</span> <span class='ocrx_word' id='word_1_292' title='bbox 1891 2216 2092 2271; x_wconf 73' lang='lat' dir='ltr'>inqeniis‚</span> <span class='ocrx_word' id='word_1_293' title='bbox 2120 2230 2227 2270; x_wconf 87' lang='lat' dir='ltr'>quas</span> <span class='ocrx_word' id='word_1_294' title='bbox 2261 2213 2497 2257; x_wconf 82' lang='lat' dir='ltr'>oratoribus</span> 
     </span>
     <span class='ocr_line' id='line_1_25' title="bbox 173 2303 2494 2364; baseline -0.003 -13"><span class='ocrx_word' id='word_1_295' title='bbox 173 2309 303 2364; x_wconf 86' lang='lat' dir='ltr'>faces</span> <span class='ocrx_word' id='word_1_296' title='bbox 329 2305 623 2349; x_wconf 80' lang='lat' dir='ltr'>admovebant!</span> <span class='ocrx_word' id='word_1_297' title='bbox 680 2305 816 2347; x_wconf 81' lang='lat' dir='ltr'>Locus</span> <span class='ocrx_word' id='word_1_298' title='bbox 846 2307 1071 2359; x_wconf 90' lang='lat' dir='ltr'>corruptus</span> <span class='ocrx_word' id='word_1_299' title='bbox 1099 2307 1142 2346; x_wconf 90' lang='lat' dir='ltr'>et</span> <span class='ocrx_word' id='word_1_300' title='bbox 1169 2304 1298 2346; x_wconf 85' lang='lat' dir='ltr'>variis</span> <span class='ocrx_word' id='word_1_301' title='bbox 1326 2305 1463 2347; x_wconf 88' lang='lat' dir='ltr'>modis</span> <span class='ocrx_word' id='word_1_302' title='bbox 1490 2319 1575 2348; x_wconf 91' lang='lat' dir='ltr'>non</span> <span class='ocrx_word' id='word_1_303' title='bbox 1603 2309 1693 2347; x_wconf 89' lang='lat' dir='ltr'>tam</span> <span class='ocrx_word' id='word_1_304' title='bbox 1727 2308 1963 2360; x_wconf 87' lang='lat' dir='ltr'>temptatus</span> <span class='ocrx_word' id='word_1_305' title='bbox 2006 2319 2135 2359; x_wconf 90' lang='lat' dir='ltr'>quam</span> <span class='ocrx_word' id='word_1_306' title='bbox 2179 2308 2366 2354; x_wconf 82' lang='lat' dir='ltr'>vexatus,</span> <span class='ocrx_word' id='word_1_307' title='bbox 2408 2303 2494 2356; x_wconf 88' lang='lat' dir='ltr'>qui,</span> 
     </span>
     <span class='ocr_line' id='line_1_26' title="bbox 184 2391 2495 2448; baseline -0.001 -12"><span class='ocrx_word' id='word_1_308' title='bbox 184 2393 269 2436; x_wconf 88' lang='lat' dir='ltr'>nisi</span> <span class='ocrx_word' id='word_1_309' title='bbox 297 2392 449 2435; x_wconf 86' lang='lat' dir='ltr'>eximie</span> <span class='ocrx_word' id='word_1_310' title='bbox 474 2392 614 2444; x_wconf 88' lang='lat' dir='ltr'>fallor,</span> <span class='ocrx_word' id='word_1_311' title='bbox 658 2392 870 2435; x_wconf 86' lang='lat' dir='ltr'>levissima</span> <span class='ocrx_word' id='word_1_312' title='bbox 897 2392 1131 2434; x_wconf 85' lang='lat' dir='ltr'>mutatione</span> <span class='ocrx_word' id='word_1_313' title='bbox 1158 2405 1237 2434; x_wconf 90' lang='lat' dir='ltr'>nec</span> <span class='ocrx_word' id='word_1_314' title='bbox 1263 2391 1352 2435; x_wconf 85' lang='lat' dir='ltr'>fere</span> <span class='ocrx_word' id='word_1_315' title='bbox 1379 2393 1462 2434; x_wconf 89' lang='lat' dir='ltr'>nisi</span> <span class='ocrx_word' id='word_1_316' title='bbox 1487 2396 1603 2435; x_wconf 87' lang='lat' dir='ltr'>recte</span> <span class='ocrx_word' id='word_1_317' title='bbox 1629 2393 1965 2448; x_wconf 85' lang='lat' dir='ltr'>interpungendo</span> <span class='ocrx_word' id='word_1_318' title='bbox 2001 2394 2046 2434; x_wconf 91' lang='lat' dir='ltr'>in</span> <span class='ocrx_word' id='word_1_319' title='bbox 2073 2393 2282 2447; x_wconf 86' lang='lat' dir='ltr'>integrum</span> <span class='ocrx_word' id='word_1_320' title='bbox 2308 2392 2495 2434; x_wconf 88' lang='lat' dir='ltr'>restitui·</span> 
     </span>
     <span class='ocr_line' id='line_1_27' title="bbox 184 2478 2494 2534; baseline -0 -12"><span class='ocrx_word' id='word_1_321' title='bbox 184 2484 266 2524; x_wconf 88' lang='lat' dir='ltr'>tur.</span> <span class='ocrx_word' id='word_1_322' title='bbox 337 2478 618 2522; x_wconf 88' lang='lat' dir='ltr'>Scribendum</span> <span class='ocrx_word' id='word_1_323' title='bbox 648 2479 758 2521; x_wconf 89' lang='lat' dir='ltr'>enim</span> <span class='ocrx_word' id='word_1_324' title='bbox 787 2483 830 2520; x_wconf 92' lang='lat' dir='ltr'>et</span> <span class='ocrx_word' id='word_1_325' title='bbox 858 2479 1198 2534; x_wconf 86' lang='lat' dir='ltr'>distinguendum</span> <span class='ocrx_word' id='word_1_326' title='bbox 1227 2492 1321 2521; x_wconf 87' lang='lat' dir='ltr'>cum</span> <span class='ocrx_word' id='word_1_327' title='bbox 1336 2512 1346 2522; x_wconf 88' lang='lat'><strong>.</strong></span> <span class='ocrx_word' id='word_1_328' title='bbox 1365 2511 1375 2520; x_wconf 90' lang='lat'><strong>.</strong></span> <span class='ocrx_word' id='word_1_329' title='bbox 1397 2480 1579 2534; x_wconf 81' lang='lat' dir='ltr'>plurimi</span> <span class='ocrx_word' id='word_1_330' title='bbox 1606 2481 1858 2523; x_wconf 78' lang='lat' dir='ltr'>disertorum</span> <span class='ocrx_word' id='word_1_331' title='bbox 1878 2515 1887 2524; x_wconf 92' lang='lat'><strong><em>.</em></strong></span> <span class='ocrx_word' id='word_1_332' title='bbox 1911 2515 1920 2525; x_wconf 92' lang='lat'><strong>.</strong></span> <span class='ocrx_word' id='word_1_333' title='bbox 1943 2515 1950 2523; x_wconf 96' lang='lat'>.</span> <span class='ocrx_word' id='word_1_334' title='bbox 1974 2515 1981 2523; x_wconf 95' lang='lat'>.</span> <span class='ocrx_word' id='word_1_335' title='bbox 2011 2482 2070 2524; x_wconf 89' lang='lat' dir='ltr'>ad</span> <span class='ocrx_word' id='word_1_336' title='bbox 2087 2481 2351 2525; x_wconf 84' lang='lat' dir='ltr'>incessendos</span> <span class='ocrx_word' id='word_1_337' title='bbox 2366 2480 2494 2534; x_wconf 80' lang='lat' dir='ltr'>prin·</span> 
     </span>
     <span class='ocr_line' id='line_1_28' title="bbox 183 2560 2489 2624; baseline 0 -12"><span class='ocrx_word' id='word_1_338' title='bbox 183 2568 299 2624; x_wconf 82' lang='lat' dir='ltr'>cipes</span> <span class='ocrx_word' id='word_1_339' title='bbox 324 2566 450 2619; x_wconf 88' lang='lat' dir='ltr'>viros,</span> <span class='ocrx_word' id='word_1_340' title='bbox 478 2560 532 2610; x_wconf 86' lang='lat' dir='ltr'>ut</span> <span class='ocrx_word' id='word_1_341' title='bbox 552 2569 617 2609; x_wconf 83' lang='lat' dir='ltr'>est</span> <span class='ocrx_word' id='word_1_342' title='bbox 641 2569 812 2620; x_wconf 86' lang='lat' dir='ltr'>natura,</span> <span class='ocrx_word' id='word_1_343' title='bbox 842 2566 986 2611; x_wconf 78' lang='lat' dir='ltr'>invidia</span> <span class='ocrx_word' id='word_1_344' title='bbox 1004 2567 1156 2622; x_wconf 79' lang='lat' dir='ltr'>populi</span> <span class='ocrx_word' id='word_1_345' title='bbox 1193 2581 1363 2624; x_wconf 88' lang='lat' dir='ltr'>quoque,</span> <span class='ocrx_word' id='word_1_346' title='bbox 1393 2570 1435 2613; x_wconf 82' lang='lat' dir='ltr'>ut</span> <span class='ocrx_word' id='word_1_347' title='bbox 1454 2569 1684 2614; x_wconf 80' lang='lat' dir='ltr'>histrio-nes</span> <span class='ocrx_word' id='word_1_348' title='bbox 1703 2570 1891 2618; x_wconf 78' lang='lat' dir='ltr'>auribus.</span> <span class='ocrx_word' id='word_1_349' title='bbox 1919 2575 2145 2615; x_wconf 73' lang='lat' dir='ltr'>uterentur.</span> <span class='ocrx_word' id='word_1_350' title='bbox 2174 2571 2361 2615; x_wconf 90' lang='lat' dir='ltr'>Utuntur</span> <span class='ocrx_word' id='word_1_351' title='bbox 2379 2571 2489 2614; x_wconf 88' lang='lat' dir='ltr'>enim</span> 
     </span>
     <span class='ocr_line' id='line_1_29' title="bbox 182 2654 2494 2715; baseline 0.001 -14"><span class='ocrx_word' id='word_1_352' title='bbox 182 2655 240 2701; x_wconf 80' lang='lat' dir='ltr'>ad</span> <span class='ocrx_word' id='word_1_353' title='bbox 266 2654 462 2713; x_wconf 88' lang='lat' dir='ltr'>plausum</span> <span class='ocrx_word' id='word_1_354' title='bbox 489 2654 714 2699; x_wconf 89' lang='lat' dir='ltr'>ferendum</span> <span class='ocrx_word' id='word_1_355' title='bbox 740 2655 886 2712; x_wconf 91' lang='lat' dir='ltr'>populi</span> <span class='ocrx_word' id='word_1_356' title='bbox 926 2655 1100 2699; x_wconf 86' lang='lat' dir='ltr'>auribus</span> <span class='ocrx_word' id='word_1_357' title='bbox 1137 2655 1386 2711; x_wconf 87' lang='lat' dir='ltr'>histriones,</span> <span class='ocrx_word' id='word_1_358' title='bbox 1424 2658 1571 2715; x_wconf 91' lang='lat' dir='ltr'>populi</span> <span class='ocrx_word' id='word_1_359' title='bbox 1603 2658 1761 2702; x_wconf 83' lang='lat' dir='ltr'>invidia</span> <span class='ocrx_word' id='word_1_360' title='bbox 1791 2662 1983 2703; x_wconf 91' lang='lat' dir='ltr'>oratores</span> <span class='ocrx_word' id='word_1_361' title='bbox 2001 2694 2011 2707; x_wconf 84' lang='lat'><strong>.</strong></span> <span class='ocrx_word' id='word_1_362' title='bbox 2039 2658 2120 2703; x_wconf 90' lang='lat' dir='ltr'>hoc</span> <span class='ocrx_word' id='word_1_363' title='bbox 2149 2664 2237 2703; x_wconf 86' lang='lat' dir='ltr'>est:</span> <span class='ocrx_word' id='word_1_364' title='bbox 2276 2662 2494 2703; x_wconf 89' lang='lat' dir='ltr'>oratorum</span> 
     </span>
     <span class='ocr_line' id='line_1_30' title="bbox 184 2744 2492 2804; baseline 0.002 -15"><span class='ocrx_word' id='word_1_365' title='bbox 184 2744 399 2790; x_wconf 78' lang='lat' dir='ltr'>invectivae</span> <span class='ocrx_word' id='word_1_366' title='bbox 427 2747 476 2789; x_wconf 92' lang='lat' dir='ltr'>ut</span> <span class='ocrx_word' id='word_1_367' title='bbox 502 2744 662 2802; x_wconf 90' lang='lat' dir='ltr'>populi,</span> <span class='ocrx_word' id='word_1_368' title='bbox 689 2744 1029 2802; x_wconf 86' lang='lat' dir='ltr'>potentissimum</span> <span class='ocrx_word' id='word_1_369' title='bbox 1057 2759 1266 2802; x_wconf 89' lang='lat' dir='ltr'>quemque</span> <span class='ocrx_word' id='word_1_370' title='bbox 1292 2746 1447 2804; x_wconf 89' lang='lat' dir='ltr'>perosi,</span> <span class='ocrx_word' id='word_1_371' title='bbox 1477 2747 1646 2792; x_wconf 87' lang='lat' dir='ltr'>invidiae</span> <span class='ocrx_word' id='word_1_372' title='bbox 1665 2747 2012 2802; x_wconf 75' lang='lat' dir='ltr'>abblandiuntur,</span> <span class='ocrx_word' id='word_1_373' title='bbox 2040 2749 2103 2793; x_wconf 89' lang='lat' dir='ltr'>ita</span> <span class='ocrx_word' id='word_1_374' title='bbox 2122 2748 2371 2792; x_wconf 84' lang='lat' dir='ltr'>histrionum</span> <span class='ocrx_word' id='word_1_375' title='bbox 2392 2762 2492 2793; x_wconf 88' lang='lat' dir='ltr'>con-</span> 
     </span>
     <span class='ocr_line' id='line_1_31' title="bbox 184 2834 2322 2893; baseline 0.002 -17"><span class='ocrx_word' id='word_1_376' title='bbox 184 2837 396 2878; x_wconf 87' lang='lat' dir='ltr'>summata</span> <span class='ocrx_word' id='word_1_377' title='bbox 422 2834 534 2878; x_wconf 88' lang='lat' dir='ltr'>actio</span> <span class='ocrx_word' id='word_1_378' title='bbox 561 2835 652 2890; x_wconf 75' lang='lat' dir='ltr'>eius</span> <span class='ocrx_word' id='word_1_379' title='bbox 679 2835 863 2878; x_wconf 89' lang='lat' dir='ltr'>auribus.</span> <span class='ocrx_word' id='word_1_380' title='bbox 920 2835 1075 2886; x_wconf 88' lang='lat' dir='ltr'>(Codd.</span> <span class='ocrx_word' id='word_1_381' title='bbox 1104 2850 1182 2891; x_wconf 89' lang='lat' dir='ltr'>pro</span> <span class='ocrx_word' id='word_1_382' title='bbox 1210 2840 1258 2879; x_wconf 90' lang='lat' dir='ltr'>ut</span> <span class='ocrx_word' id='word_1_383' title='bbox 1284 2837 1483 2880; x_wconf 89' lang='lat' dir='ltr'>exhibent</span> <span class='ocrx_word' id='word_1_384' title='bbox 1508 2841 1558 2889; x_wconf 90' lang='lat' dir='ltr'>et,</span> <span class='ocrx_word' id='word_1_385' title='bbox 1586 2852 1665 2893; x_wconf 92' lang='lat' dir='ltr'>pro</span> <span class='ocrx_word' id='word_1_386' title='bbox 1692 2839 1857 2881; x_wconf 84' lang='lat' dir='ltr'>invidia</span> <span class='ocrx_word' id='word_1_387' title='bbox 1886 2853 2032 2882; x_wconf 85' lang='lat' dir='ltr'>casum</span> <span class='ocrx_word' id='word_1_388' title='bbox 2060 2839 2322 2892; x_wconf 87' lang='lat' dir='ltr'>secundum).</span> 
     </span>
    </p>

    <p class='ocr_par' dir='ltr' id='par_1_6' title="bbox 185 2921 2494 3248">
     <span class='ocr_line' id='line_1_32' title="bbox 349 2921 2492 2980; baseline 0.002 -16"><span class='ocrx_word' id='word_1_389' title='bbox 349 2921 456 2967; x_wconf 90' lang='lat' dir='ltr'>Ibid.</span> <span class='ocrx_word' id='word_1_390' title='bbox 482 2937 519 2964; x_wconf 82' lang='lat' dir='ltr'>v.</span> <span class='ocrx_word' id='word_1_391' title='bbox 549 2923 587 2965; x_wconf 84' lang='lat'>9.</span> <span class='ocrx_word' id='word_1_392' title='bbox 643 2923 726 2966; x_wconf 88' lang='lat' dir='ltr'>Sed</span> <span class='ocrx_word' id='word_1_393' title='bbox 751 2928 813 2966; x_wconf 86' lang='lat' dir='ltr'>est</span> <span class='ocrx_word' id='word_1_394' title='bbox 839 2938 994 2979; x_wconf 77' lang='lat' dir='ltr'>maqna</span> <span class='ocrx_word' id='word_1_395' title='bbox 1020 2924 1096 2966; x_wconf 84' lang='lat' dir='ltr'>illa</span> <span class='ocrx_word' id='word_1_396' title='bbox 1123 2928 1162 2966; x_wconf 90' lang='lat' dir='ltr'>et</span> <span class='ocrx_word' id='word_1_397' title='bbox 1187 2925 1385 2967; x_wconf 84' lang='lat' dir='ltr'>notabilis</span> <span class='ocrx_word' id='word_1_398' title='bbox 1411 2926 1641 2980; x_wconf 81' lang='lat' dir='ltr'>eloquentia</span> <span class='ocrx_word' id='word_1_399' title='bbox 1669 2927 1843 2969; x_wconf 81' lang='lat' dir='ltr'>alumna</span> <span class='ocrx_word' id='word_1_400' title='bbox 1870 2928 2045 2970; x_wconf 82' lang='lat' dir='ltr'>licentioe</span> <span class='ocrx_word' id='word_1_401' title='bbox 2060 2961 2069 2970; x_wconf 85' lang='lat'><strong>.</strong></span> <span class='ocrx_word' id='word_1_402' title='bbox 2091 2962 2100 2973; x_wconf 90' lang='lat'><strong><em>.</em></strong></span> <span class='ocrx_word' id='word_1_403' title='bbox 2122 2961 2131 2970; x_wconf 91' lang='lat'><strong>.</strong></span> <span class='ocrx_word' id='word_1_404' title='bbox 2162 2940 2294 2970; x_wconf 86' lang='lat' dir='ltr'>comes</span> <span class='ocrx_word' id='word_1_405' title='bbox 2320 2928 2492 2969; x_wconf 84' lang='lat' dir='ltr'>seditio-</span> 
     </span>
     <span class='ocr_line' id='line_1_33' title="bbox 185 3009 2494 3072; baseline 0.004 -21"><span class='ocrx_word' id='word_1_406' title='bbox 185 3022 300 3064; x_wconf 86' lang='lat' dir='ltr'>num,</span> <span class='ocrx_word' id='word_1_407' title='bbox 328 3009 523 3065; x_wconf 83' lang='lat' dir='ltr'>effrenati</span> <span class='ocrx_word' id='word_1_408' title='bbox 544 3010 692 3064; x_wconf 80' lang='lat' dir='ltr'>populi</span> <span class='ocrx_word' id='word_1_409' title='bbox 719 3011 1047 3065; x_wconf 82' lang='lat' dir='ltr'>incitamentum,</span> <span class='ocrx_word' id='word_1_410' title='bbox 1074 3013 1168 3055; x_wconf 88' lang='lat' dir='ltr'>sine</span> <span class='ocrx_word' id='word_1_411' title='bbox 1194 3013 1399 3069; x_wconf 83' lang='lat' dir='ltr'>obsequio,</span> <span class='ocrx_word' id='word_1_412' title='bbox 1432 3015 1525 3057; x_wconf 86' lang='lat' dir='ltr'>sine</span> <span class='ocrx_word' id='word_1_413' title='bbox 1543 3017 1749 3068; x_wconf 83' lang='lat' dir='ltr'>servitute,</span> <span class='ocrx_word' id='word_1_414' title='bbox 1778 3020 1999 3059; x_wconf 75' lang='lat' dir='ltr'>contumax</span> <span class='ocrx_word' id='word_1_415' title='bbox 2027 3017 2250 3059; x_wconf 85' lang='lat' dir='ltr'>temeraria</span> <span class='ocrx_word' id='word_1_416' title='bbox 2273 3030 2494 3072; x_wconf 74' lang='lat' dir='ltr'>arroqans.</span> 
     </span>
     <span class='ocr_line' id='line_1_34' title="bbox 188 3095 2494 3161; baseline 0.004 -23"><span class='ocrx_word' id='word_1_417' title='bbox 188 3095 391 3140; x_wconf 82' lang='lat' dir='ltr'>Servituti</span> <span class='ocrx_word' id='word_1_418' title='bbox 425 3097 494 3140; x_wconf 87' lang='lat' dir='ltr'>hic</span> <span class='ocrx_word' id='word_1_419' title='bbox 532 3097 692 3141; x_wconf 91' lang='lat' dir='ltr'>nullum</span> <span class='ocrx_word' id='word_1_420' title='bbox 730 3112 822 3143; x_wconf 89' lang='lat' dir='ltr'>esse</span> <span class='ocrx_word' id='word_1_421' title='bbox 855 3099 994 3142; x_wconf 88' lang='lat' dir='ltr'>locum</span> <span class='ocrx_word' id='word_1_422' title='bbox 1033 3103 1166 3156; x_wconf 88' lang='lat' dir='ltr'>patet.</span> <span class='ocrx_word' id='word_1_423' title='bbox 1236 3101 1320 3144; x_wconf 87' lang='lat' dir='ltr'>Sed</span> <span class='ocrx_word' id='word_1_424' title='bbox 1347 3115 1484 3158; x_wconf 91' lang='lat' dir='ltr'>neque</span> <span class='ocrx_word' id='word_1_425' title='bbox 1510 3103 1747 3146; x_wconf 83' lang='lat' dir='ltr'>severitatis</span> <span class='ocrx_word' id='word_1_426' title='bbox 1774 3104 1912 3160; x_wconf 89' lang='lat' dir='ltr'>(quod</span> <span class='ocrx_word' id='word_1_427' title='bbox 1939 3105 2113 3148; x_wconf 85' lang='lat' dir='ltr'>verbum</span> <span class='ocrx_word' id='word_1_428' title='bbox 2140 3105 2293 3161; x_wconf 86' lang='lat' dir='ltr'>legitur</span> <span class='ocrx_word' id='word_1_429' title='bbox 2318 3105 2362 3147; x_wconf 88' lang='lat' dir='ltr'>in</span> <span class='ocrx_word' id='word_1_430' title='bbox 2391 3104 2494 3149; x_wconf 89' lang='lat' dir='ltr'>Cod.</span> 
     </span>
     <span class='ocr_line' id='line_1_35' title="bbox 189 3182 2494 3248; baseline 0.005 -24"><span class='ocrx_word' id='word_1_431' title='bbox 189 3182 345 3239; x_wconf 78' lang='lat' dir='ltr'>Paris.)</span> <span class='ocrx_word' id='word_1_432' title='bbox 375 3186 562 3229; x_wconf 86' lang='lat' dir='ltr'>defectus</span> <span class='ocrx_word' id='word_1_433' title='bbox 591 3199 684 3229; x_wconf 86' lang='lat' dir='ltr'>cum</span> <span class='ocrx_word' id='word_1_434' title='bbox 714 3187 867 3230; x_wconf 86' lang='lat' dir='ltr'>ceteris</span> <span class='ocrx_word' id='word_1_435' title='bbox 894 3187 1145 3242; x_wconf 74' lang='lat' dir='ltr'>eloquentiae</span> <span class='ocrx_word' id='word_1_436' title='bbox 1173 3189 1343 3244; x_wconf 88' lang='lat' dir='ltr'>probris</span> <span class='ocrx_word' id='word_1_437' title='bbox 1371 3190 1476 3233; x_wconf 92' lang='lat' dir='ltr'>bene</span> <span class='ocrx_word' id='word_1_438' title='bbox 1503 3191 1700 3246; x_wconf 84' lang='lat' dir='ltr'>quadrat.</span> <span class='ocrx_word' id='word_1_439' title='bbox 1759 3191 1866 3234; x_wconf 87' lang='lat' dir='ltr'>Puto</span> <span class='ocrx_word' id='word_1_440' title='bbox 1895 3192 1988 3236; x_wconf 84' lang='lat' dir='ltr'>sine</span> <span class='ocrx_word' id='word_1_441' title='bbox 2006 3193 2212 3235; x_wconf 83' lang='lat' dir='ltr'>suavitate</span> <span class='ocrx_word' id='word_1_442' title='bbox 2239 3206 2330 3236; x_wconf 89' lang='lat' dir='ltr'>esse</span> <span class='ocrx_word' id='word_1_443' title='bbox 2349 3193 2494 3248; x_wconf 89' lang='lat' dir='ltr'>genui-</span> 
     </span>
    </p>
   </div>
   <div class='ocr_carea' id='block_1_3' title="bbox 2089 3285 2114 3326">
    <p class='ocr_par' dir='ltr' id='par_1_7' title="bbox 2089 3285 2114 3326">
     <span class='ocr_line' id='line_1_36' title="bbox 2089 3285 2114 3326; baseline 0 0"><span class='ocrx_word' id='word_1_444' title='bbox 2089 3285 2114 3326; x_wconf 84' lang='grc'><strong>4</strong></span> 
     </span>
    </p>
   </div>
  </div>
 </body>
</html>
