<?xml version="1.0" encoding="UTF-8"?>
<!DOCTYPE html PUBLIC "-//W3C//DTD XHTML 1.0 Transitional//EN"
    "http://www.w3.org/TR/xhtml1/DTD/xhtml1-transitional.dtd">
<html xmlns="http://www.w3.org/1999/xhtml" xml:lang="en" lang="en">
 <head>
  <title>
</title>
<meta http-equiv="Content-Type" content="text/html;charset=utf-8" />
  <meta name='ocr-system' content='tesseract 3.04.00' />
  <meta name='ocr-capabilities' content='ocr_page ocr_carea ocr_par ocr_line ocrx_word'/>
</head>
<body>
  <div class='ocr_page' id='page_1' title='image "4629223_0018.png"; bbox 0 0 2912 3985; ppageno 0'>
   <div class='ocr_carea' id='block_1_1' title="bbox 1462 219 1515 261">
    <p class='ocr_par' dir='ltr' id='par_1_1' title="bbox 1462 219 1515 261">
     <span class='ocr_line' id='line_1_1' title="bbox 1462 219 1515 261; baseline 0.038 -2"><span class='ocrx_word' id='word_1_1' title='bbox 1462 219 1515 261; x_wconf 86' lang='lat'><strong>10</strong></span> 
     </span>
    </p>
   </div>
   <div class='ocr_carea' id='block_1_2' title="bbox 301 362 2651 3331">
    <p class='ocr_par' dir='ltr' id='par_1_2' title="bbox 314 362 2651 513">
     <span class='ocr_line' id='line_1_2' title="bbox 317 362 2651 424; baseline -0.001 -12"><span class='ocrx_word' id='word_1_2' title='bbox 317 371 507 413; x_wconf 80' lang='lat' dir='ltr'><strong>»tumulo</strong></span> <span class='ocrx_word' id='word_1_3' title='bbox 548 369 735 424; x_wconf 87' lang='lat' dir='ltr'><strong>portaris</strong></span> <span class='ocrx_word' id='word_1_4' title='bbox 764 373 809 409; x_wconf 90' lang='lat' dir='ltr'><strong>et</strong></span> <span class='ocrx_word' id='word_1_5' title='bbox 837 368 947 422; x_wconf 82' lang='lat' dir='ltr'><strong>igni«</strong></span> <span class='ocrx_word' id='word_1_6' title='bbox 967 403 976 420; x_wconf 89' lang='lat'>,</span> <span class='ocrx_word' id='word_1_7' title='bbox 1007 367 1164 422; x_wconf 79' lang='lat' dir='ltr'>quippe.</span> <span class='ocrx_word' id='word_1_8' title='bbox 1193 365 1395 421; x_wconf 86' lang='lat' dir='ltr'><strong>portandi</strong></span> <span class='ocrx_word' id='word_1_9' title='bbox 1424 362 1598 407; x_wconf 85' lang='lat' dir='ltr'><strong>verbum</strong></span> <span class='ocrx_word' id='word_1_10' title='bbox 1628 376 1765 416; x_wconf 87' lang='lat' dir='ltr'><strong>neque</strong></span> <span class='ocrx_word' id='word_1_11' title='bbox 1792 362 1957 406; x_wconf 89' lang='lat' dir='ltr'><strong>tumulo</strong></span> <span class='ocrx_word' id='word_1_12' title='bbox 1985 377 2124 418; x_wconf 81' lang='lat' dir='ltr'><strong>neque</strong></span> <span class='ocrx_word' id='word_1_13' title='bbox 2152 363 2239 418; x_wconf 85' lang='lat' dir='ltr'><strong>igni</strong></span> <span class='ocrx_word' id='word_1_14' title='bbox 2267 365 2374 408; x_wconf 83' lang='lat' dir='ltr'><strong>satis</strong></span> <span class='ocrx_word' id='word_1_15' title='bbox 2403 369 2555 420; x_wconf 87' lang='lat' dir='ltr'><strong>aptum</strong></span> <span class='ocrx_word' id='word_1_16' title='bbox 2583 369 2651 409; x_wconf 90' lang='lat' dir='ltr'><strong>est</strong></span> 
     </span>
     <span class='ocr_line' id='line_1_3' title="bbox 314 455 1159 513; baseline -0.006 -12"><span class='ocrx_word' id='word_1_17' title='bbox 314 459 567 513; x_wconf 83' lang='lat' dir='ltr'><strong>Sequentem</strong></span> <span class='ocrx_word' id='word_1_18' title='bbox 594 470 762 498; x_wconf 86' lang='lat' dir='ltr'><strong>versum</strong></span> <span class='ocrx_word' id='word_1_19' title='bbox 790 455 1159 498; x_wconf 81' lang='lat' dir='ltr'><strong>considerantibus</strong></span> 
     </span>
    </p>

    <p class='ocr_par' dir='ltr' id='par_1_3' title="bbox 313 542 2644 690">
     <span class='ocr_line' id='line_1_4' title="bbox 478 542 1471 598; baseline -0.005 -10"><span class='ocrx_word' id='word_1_20' title='bbox 478 546 584 589; x_wconf 85' lang='lat' dir='ltr'><strong>haec</strong></span> <span class='ocrx_word' id='word_1_21' title='bbox 613 547 713 587; x_wconf 91' lang='lat' dir='ltr'><strong>sunt</strong></span> <span class='ocrx_word' id='word_1_22' title='bbox 740 544 785 586; x_wconf 91' lang='lat' dir='ltr'><strong>in</strong></span> <span class='ocrx_word' id='word_1_23' title='bbox 814 543 982 587; x_wconf 82' lang='lat' dir='ltr'><strong>reditus</strong></span> <span class='ocrx_word' id='word_1_24' title='bbox 1008 545 1121 587; x_wconf 88' lang='lat' dir='ltr'><strong>dona</strong></span> <span class='ocrx_word' id='word_1_25' title='bbox 1151 542 1343 598; x_wconf 86' lang='lat' dir='ltr'><strong>parando</strong></span> <span class='ocrx_word' id='word_1_26' title='bbox 1372 547 1471 583; x_wconf 86' lang='lat' dir='ltr'><strong>tuos</strong></span> 
     </span>
     <span class='ocr_line' id='line_1_5' title="bbox 313 628 2644 690; baseline -0 -12"><span class='ocrx_word' id='word_1_27' title='bbox 313 635 404 679; x_wconf 80' lang='lat' dir='ltr'><strong>veri</strong></span> <span class='ocrx_word' id='word_1_28' title='bbox 430 647 511 677; x_wconf 91' lang='lat' dir='ltr'><strong>non</strong></span> <span class='ocrx_word' id='word_1_29' title='bbox 540 633 735 676; x_wconf 78' lang='lat' dir='ltr'><strong>absimile</strong></span> <span class='ocrx_word' id='word_1_30' title='bbox 762 632 975 676; x_wconf 87' lang='lat' dir='ltr'><strong>videbitur</strong></span> <span class='ocrx_word' id='word_1_31' title='bbox 1002 632 1223 687; x_wconf 83' lang='lat' dir='ltr'><strong>scripsisse</strong></span> <span class='ocrx_word' id='word_1_32' title='bbox 1251 633 1463 673; x_wconf 89' lang='lat' dir='ltr'><strong>nostrum:</strong></span> <span class='ocrx_word' id='word_1_33' title='bbox 1493 628 1659 671; x_wconf 91' lang='lat' dir='ltr'><strong>tumulo</strong></span> <span class='ocrx_word' id='word_1_34' title='bbox 1687 631 1855 670; x_wconf 82' lang='lat' dir='ltr'><strong>donaris</strong></span> <span class='ocrx_word' id='word_1_35' title='bbox 1882 631 1926 670; x_wconf 90' lang='lat' dir='ltr'><strong>et</strong></span> <span class='ocrx_word' id='word_1_36' title='bbox 1951 628 2049 684; x_wconf 84' lang='lat' dir='ltr'><strong>igni.</strong></span> <span class='ocrx_word' id='word_1_37' title='bbox 2079 653 2132 659; x_wconf 94' lang='lat'><strong>—</strong></span> <span class='ocrx_word' id='word_1_38' title='bbox 2161 628 2356 684; x_wconf 83' lang='lat' dir='ltr'><strong>Legimus</strong></span> <span class='ocrx_word' id='word_1_39' title='bbox 2377 645 2413 673; x_wconf 88' lang='lat' dir='ltr'><strong>v.</strong></span> <span class='ocrx_word' id='word_1_40' title='bbox 2450 633 2523 675; x_wconf 85' lang='grc'><strong>141</strong></span> <span class='ocrx_word' id='word_1_41' title='bbox 2556 647 2644 690; x_wconf 85' lang='lat' dir='ltr'><strong>seq.</strong></span> 
     </span>
    </p>

    <p class='ocr_par' dir='ltr' id='par_1_4' title="bbox 477 716 1446 775">
     <span class='ocr_line' id='line_1_6' title="bbox 477 716 1446 775; baseline -0.004 -12"><span class='ocrx_word' id='word_1_42' title='bbox 477 733 583 775; x_wconf 90' lang='lat' dir='ltr'><strong>quos</strong></span> <span class='ocrx_word' id='word_1_43' title='bbox 608 719 791 775; x_wconf 89' lang='lat' dir='ltr'><strong>primum</strong></span> <span class='ocrx_word' id='word_1_44' title='bbox 820 718 905 762; x_wconf 86' lang='lat' dir='ltr'><strong>vidi</strong></span> <span class='ocrx_word' id='word_1_45' title='bbox 934 719 1085 770; x_wconf 68' lang='lat' dir='ltr'><strong>fasceS,</strong></span> <span class='ocrx_word' id='word_1_46' title='bbox 1113 718 1156 761; x_wconf 91' lang='lat' dir='ltr'><strong>in</strong></span> <span class='ocrx_word' id='word_1_47' title='bbox 1186 717 1333 761; x_wconf 82' lang='lat' dir='ltr'><strong>funere</strong></span> <span class='ocrx_word' id='word_1_48' title='bbox 1364 716 1446 760; x_wconf 87' lang='lat' dir='ltr'><strong>vidi</strong></span> 
     </span>
    </p>

    <p class='ocr_par' dir='ltr' id='par_1_5' title="bbox 301 802 2647 1394">
     <span class='ocr_line' id='line_1_7' title="bbox 478 802 2639 862; baseline 0.001 -11"><span class='ocrx_word' id='word_1_49' title='bbox 478 810 522 852; x_wconf 88' lang='lat' dir='ltr'><strong>et</strong></span> <span class='ocrx_word' id='word_1_50' title='bbox 548 807 636 851; x_wconf 85' lang='lat' dir='ltr'><strong>vidi</strong></span> <span class='ocrx_word' id='word_1_51' title='bbox 661 822 828 851; x_wconf 75' lang='lat' dir='ltr'><strong>eversos</strong></span> <span class='ocrx_word' id='word_1_52' title='bbox 855 806 1142 862; x_wconf 86' lang='lat' dir='ltr'><strong>indiciumque</strong></span> <span class='ocrx_word' id='word_1_53' title='bbox 1170 805 1272 850; x_wconf 85' lang='lat' dir='ltr'><strong>mali</strong></span> <span class='ocrx_word' id='word_1_54' title='bbox 1300 831 1353 837; x_wconf 92' lang='lat'><strong>—-</strong></span> <span class='ocrx_word' id='word_1_55' title='bbox 1381 807 1453 857; x_wconf 88' lang='lat' dir='ltr'><strong>at,</strong></span> <span class='ocrx_word' id='word_1_56' title='bbox 1483 802 1654 859; x_wconf 90' lang='lat' dir='ltr'><strong>opinor,</strong></span> <span class='ocrx_word' id='word_1_57' title='bbox 1682 802 1815 856; x_wconf 86' lang='lat' dir='ltr'><strong>Livia,</strong></span> <span class='ocrx_word' id='word_1_58' title='bbox 1841 804 1961 861; x_wconf 89' lang='lat' dir='ltr'><strong>cujus</strong></span> <span class='ocrx_word' id='word_1_59' title='bbox 1991 809 2090 849; x_wconf 86' lang='lat' dir='ltr'><strong>sunt</strong></span> <span class='ocrx_word' id='word_1_60' title='bbox 2117 805 2265 859; x_wconf 83' lang='lat' dir='ltr'><strong>verba,</strong></span> <span class='ocrx_word' id='word_1_61' title='bbox 2302 807 2440 853; x_wconf 86' lang='lat' dir='ltr'><strong>fasces</strong></span> <span class='ocrx_word' id='word_1_62' title='bbox 2471 808 2639 853; x_wconf 76' lang='lat' dir='ltr'><strong>dixerat</strong></span> 
     </span>
     <span class='ocr_line' id='line_1_8' title="bbox 314 892 2644 952; baseline 0 -10"><span class='ocrx_word' id='word_1_63' title='bbox 314 901 516 949; x_wconf 68' lang='grc' dir='ltr'><strong>ιἠυενεοε,</strong></span> <span class='ocrx_word' id='word_1_64' title='bbox 546 897 661 952; x_wconf 90' lang='lat' dir='ltr'><strong>quod</strong></span> <span class='ocrx_word' id='word_1_65' title='bbox 685 901 779 941; x_wconf 91' lang='lat' dir='ltr'><strong>erat</strong></span> <span class='ocrx_word' id='word_1_66' title='bbox 806 898 937 941; x_wconf 90' lang='lat' dir='ltr'><strong>moris</strong></span> <span class='ocrx_word' id='word_1_67' title='bbox 962 898 1006 939; x_wconf 90' lang='lat' dir='ltr'><strong>in</strong></span> <span class='ocrx_word' id='word_1_68' title='bbox 1034 896 1253 940; x_wconf 78' lang='lat' dir='ltr'><strong>funeribus</strong></span> <span class='ocrx_word' id='word_1_69' title='bbox 1301 896 1597 938; x_wconf 80' lang='lat' dir='ltr'><strong>Romanorum.</strong></span> <span class='ocrx_word' id='word_1_70' title='bbox 1656 892 1736 934; x_wconf 87' lang='lat' dir='ltr'><strong>Ain</strong></span> <span class='ocrx_word' id='word_1_71' title='bbox 1765 893 1898 935; x_wconf 81' lang='lat' dir='ltr'><strong>vero?</strong></span> <span class='ocrx_word' id='word_1_72' title='bbox 1942 894 2090 939; x_wconf 86' lang='lat' dir='ltr'><strong>Nonne</strong></span> <span class='ocrx_word' id='word_1_73' title='bbox 2120 895 2248 939; x_wconf 88' lang='lat' dir='ltr'><strong>iidem</strong></span> <span class='ocrx_word' id='word_1_74' title='bbox 2276 896 2416 940; x_wconf 86' lang='lat' dir='ltr'><strong>fasces</strong></span> <span class='ocrx_word' id='word_1_75' title='bbox 2445 899 2644 942; x_wconf 88' lang='lat' dir='ltr'><strong>dicuntur</strong></span> 
     </span>
     <span class='ocr_line' id='line_1_9' title="bbox 301 980 2647 1042; baseline 0.001 -14"><span class='ocrx_word' id='word_1_76' title='bbox 301 987 442 1042; x_wconf 76' lang='lat' dir='ltr'><strong>fracti</strong></span> <span class='ocrx_word' id='word_1_77' title='bbox 470 1000 594 1028; x_wconf 86' lang='lat' dir='ltr'><strong>versu</strong></span> <span class='ocrx_word' id='word_1_78' title='bbox 629 987 726 1028; x_wconf 78' lang='lat'>¹77:</span> <span class='ocrx_word' id='word_1_79' title='bbox 758 987 904 1029; x_wconf 89' lang='lat' dir='ltr'><strong>consul</strong></span> <span class='ocrx_word' id='word_1_80' title='bbox 935 986 1014 1028; x_wconf 89' lang='lat' dir='ltr'><strong>init</strong></span> <span class='ocrx_word' id='word_1_81' title='bbox 1042 985 1193 1026; x_wconf 77' lang='lat' dir='ltr'><strong>fractis</strong></span> <span class='ocrx_word' id='word_1_82' title='bbox 1223 987 1479 1027; x_wconf 84' lang='lat' dir='ltr'><strong>maerentem</strong></span> <span class='ocrx_word' id='word_1_83' title='bbox 1518 981 1703 1024; x_wconf 83' lang='lat' dir='ltr'><strong>fascibus</strong></span> <span class='ocrx_word' id='word_1_84' title='bbox 1732 980 1918 1024; x_wconf 79' lang='lat' dir='ltr'><strong>urbem?</strong></span> <span class='ocrx_word' id='word_1_85' title='bbox 1947 982 2015 1025; x_wconf 87' lang='lat' dir='ltr'><strong>lta</strong></span> <span class='ocrx_word' id='word_1_86' title='bbox 2045 984 2240 1038; x_wconf 84' lang='lat' dir='ltr'><strong>quidem;</strong></span> <span class='ocrx_word' id='word_1_87' title='bbox 2280 985 2411 1039; x_wconf 88' lang='lat' dir='ltr'><strong>igitur</strong></span> <span class='ocrx_word' id='word_1_88' title='bbox 2448 990 2563 1029; x_wconf 88' lang='lat' dir='ltr'><strong>recte</strong></span> <span class='ocrx_word' id='word_1_89' title='bbox 2601 1000 2647 1030; x_wconf 87' lang='lat' dir='ltr'><strong>se</strong></span> 
     </span>
     <span class='ocr_line' id='line_1_10' title="bbox 313 1070 2645 1128; baseline 0.001 -12"><span class='ocrx_word' id='word_1_90' title='bbox 313 1075 443 1116; x_wconf 91' lang='lat' dir='ltr'><strong>habet</strong></span> <span class='ocrx_word' id='word_1_91' title='bbox 477 1087 623 1115; x_wconf 84' lang='lat' dir='ltr'><strong>versus</strong></span> <span class='ocrx_word' id='word_1_92' title='bbox 666 1074 882 1128; x_wconf 82' lang='lat' dir='ltr'><strong>superior.</strong></span> <span class='ocrx_word' id='word_1_93' title='bbox 922 1087 999 1126; x_wconf 87' lang='lat' dir='ltr'><strong>ego</strong></span> <span class='ocrx_word' id='word_1_94' title='bbox 1028 1086 1127 1113; x_wconf 80' lang='lat' dir='ltr'><strong>vero</strong></span> <span class='ocrx_word' id='word_1_95' title='bbox 1156 1076 1382 1124; x_wconf 87' lang='lat' dir='ltr'><strong>utrumque</strong></span> <span class='ocrx_word' id='word_1_96' title='bbox 1409 1070 1551 1112; x_wconf 90' lang='lat' dir='ltr'><strong>locum</strong></span> <span class='ocrx_word' id='word_1_97' title='bbox 1581 1070 1753 1118; x_wconf 86' lang='lat' dir='ltr'><strong>adduxi,</strong></span> <span class='ocrx_word' id='word_1_98' title='bbox 1783 1072 1831 1111; x_wconf 92' lang='lat' dir='ltr'><strong>ut</strong></span> <span class='ocrx_word' id='word_1_99' title='bbox 1871 1083 1978 1112; x_wconf 87' lang='lat' dir='ltr'><strong>novo</strong></span> <span class='ocrx_word' id='word_1_100' title='bbox 2018 1078 2266 1125; x_wconf 85' lang='lat' dir='ltr'><strong>argumento</strong></span> <span class='ocrx_word' id='word_1_101' title='bbox 2311 1072 2645 1118; x_wconf 82' lang='lat' dir='ltr'><strong>demonstrarem</strong></span> 
     </span>
     <span class='ocr_line' id='line_1_11' title="bbox 312 1157 2642 1215; baseline 0.001 -12"><span class='ocrx_word' id='word_1_102' title='bbox 312 1166 503 1203; x_wconf 82' lang='lat' dir='ltr'><strong>nostrum</strong></span> <span class='ocrx_word' id='word_1_103' title='bbox 534 1164 707 1215; x_wconf 86' lang='lat' dir='ltr'><strong>poetam</strong></span> <span class='ocrx_word' id='word_1_104' title='bbox 736 1174 821 1202; x_wconf 90' lang='lat' dir='ltr'><strong>non</strong></span> <span class='ocrx_word' id='word_1_105' title='bbox 849 1159 973 1201; x_wconf 88' lang='lat' dir='ltr'><strong>nimis</strong></span> <span class='ocrx_word' id='word_1_106' title='bbox 1002 1173 1094 1200; x_wconf 88' lang='lat' dir='ltr'><strong>esse</strong></span> <span class='ocrx_word' id='word_1_107' title='bbox 1124 1158 1360 1210; x_wconf 86' lang='lat' dir='ltr'><strong>antiquum,</strong></span> <span class='ocrx_word' id='word_1_108' title='bbox 1399 1157 1555 1211; x_wconf 88' lang='lat' dir='ltr'><strong>quippe</strong></span> <span class='ocrx_word' id='word_1_109' title='bbox 1586 1157 1658 1211; x_wconf 93' lang='lat' dir='ltr'><strong>qui</strong></span> <span class='ocrx_word' id='word_1_110' title='bbox 1689 1170 1848 1198; x_wconf 90' lang='lat' dir='ltr'><strong>morem</strong></span> <span class='ocrx_word' id='word_1_111' title='bbox 1876 1158 1995 1199; x_wconf 90' lang='lat' dir='ltr'><strong>illum</strong></span> <span class='ocrx_word' id='word_1_112' title='bbox 2029 1159 2314 1202; x_wconf 86' lang='lat' dir='ltr'><strong>Romanorum</strong></span> <span class='ocrx_word' id='word_1_113' title='bbox 2344 1164 2642 1205; x_wconf 85' lang='lat' dir='ltr'><strong>vertendorum</strong></span> 
     </span>
     <span class='ocr_line' id='line_1_12' title="bbox 313 1242 2647 1304; baseline 0.001 -13"><span class='ocrx_word' id='word_1_114' title='bbox 313 1248 399 1291; x_wconf 85' lang='lat' dir='ltr'><strong>sive</strong></span> <span class='ocrx_word' id='word_1_115' title='bbox 419 1246 766 1290; x_wconf 85' lang='lat' dir='ltr'><strong>invertendorum</strong></span> <span class='ocrx_word' id='word_1_116' title='bbox 788 1245 966 1287; x_wconf 86' lang='lat' dir='ltr'><strong>fascium</strong></span> <span class='ocrx_word' id='word_1_117' title='bbox 988 1244 1145 1295; x_wconf 84' lang='lat' dir='ltr'><strong>(Tacit.</strong></span> <span class='ocrx_word' id='word_1_118' title='bbox 1168 1243 1317 1285; x_wconf 87' lang='lat' dir='ltr'><strong>Annal.</strong></span> <span class='ocrx_word' id='word_1_119' title='bbox 1338 1242 1409 1285; x_wconf 88' lang='lat'>111.</span> <span class='ocrx_word' id='word_1_120' title='bbox 1431 1245 1479 1297; x_wconf 79' lang='lat'><strong>2)</strong></span> <span class='ocrx_word' id='word_1_121' title='bbox 1500 1243 1675 1285; x_wconf 81' lang='lat' dir='ltr'><strong>fallente</strong></span> <span class='ocrx_word' id='word_1_122' title='bbox 1694 1245 1900 1286; x_wconf 84' lang='lat' dir='ltr'><strong>memoria</strong></span> <span class='ocrx_word' id='word_1_123' title='bbox 1927 1247 2252 1289; x_wconf 75' lang='lat' dir='ltr'><strong>commutaverit</strong></span> <span class='ocrx_word' id='word_1_124' title='bbox 2283 1261 2376 1290; x_wconf 91' lang='lat' dir='ltr'><strong>cum</strong></span> <span class='ocrx_word' id='word_1_125' title='bbox 2407 1248 2492 1292; x_wconf 86' lang='lat' dir='ltr'><strong>alio</strong></span> <span class='ocrx_word' id='word_1_126' title='bbox 2520 1264 2647 1304; x_wconf 90' lang='lat' dir='ltr'><strong>quem</strong></span> 
     </span>
     <span class='ocr_line' id='line_1_13' title="bbox 313 1331 2642 1394; baseline 0 -16"><span class='ocrx_word' id='word_1_127' title='bbox 313 1336 440 1378; x_wconf 88' lang='lat' dir='ltr'><strong>medii</strong></span> <span class='ocrx_word' id='word_1_128' title='bbox 459 1336 551 1377; x_wconf 87' lang='lat' dir='ltr'><strong>aevi</strong></span> <span class='ocrx_word' id='word_1_129' title='bbox 571 1334 834 1389; x_wconf 82' lang='lat' dir='ltr'><strong>temporibus</strong></span> <span class='ocrx_word' id='word_1_130' title='bbox 852 1335 996 1387; x_wconf 88' lang='lat' dir='ltr'><strong>potius</strong></span> <span class='ocrx_word' id='word_1_131' title='bbox 1017 1333 1195 1386; x_wconf 87' lang='lat' dir='ltr'><strong>viguisse</strong></span> <span class='ocrx_word' id='word_1_132' title='bbox 1216 1336 1258 1371; x_wconf 87' lang='lat' dir='ltr'><strong>et</strong></span> <span class='ocrx_word' id='word_1_133' title='bbox 1277 1331 1341 1372; x_wconf 90' lang='lat' dir='ltr'><strong>vel</strong></span> <span class='ocrx_word' id='word_1_134' title='bbox 1361 1335 1509 1371; x_wconf 80' lang='lat' dir='ltr'><strong>nostra</strong></span> <span class='ocrx_word' id='word_1_135' title='bbox 1527 1336 1669 1373; x_wconf 85' lang='lat' dir='ltr'><strong>aetate</strong></span> <span class='ocrx_word' id='word_1_136' title='bbox 1687 1334 1847 1386; x_wconf 87' lang='lat' dir='ltr'><strong>passim</strong></span> <span class='ocrx_word' id='word_1_137' title='bbox 1867 1336 2064 1389; x_wconf 88' lang='lat' dir='ltr'><strong>usurpari</strong></span> <span class='ocrx_word' id='word_1_138' title='bbox 2086 1340 2267 1382; x_wconf 85' lang='lat' dir='ltr'><strong>constat.</strong></span> <span class='ocrx_word' id='word_1_139' title='bbox 2290 1361 2340 1366; x_wconf 92' lang='lat'>—</span> <span class='ocrx_word' id='word_1_140' title='bbox 2364 1338 2410 1380; x_wconf 88' lang='lat' dir='ltr'><strong>V.</strong></span> <span class='ocrx_word' id='word_1_141' title='bbox 2434 1338 2508 1379; x_wconf 87' lang='grc'><strong>167</strong></span> <span class='ocrx_word' id='word_1_142' title='bbox 2524 1352 2642 1394; x_wconf 86' lang='lat' dir='ltr'><strong>seqq.</strong></span> 
     </span>
    </p>

    <p class='ocr_par' dir='ltr' id='par_1_6' title="bbox 478 1419 1605 1475">
     <span class='ocr_line' id='line_1_14' title="bbox 478 1419 1605 1475; baseline -0.004 -11"><span class='ocrx_word' id='word_1_143' title='bbox 478 1423 589 1473; x_wconf 81' lang='lat' dir='ltr'><strong>Quin</strong></span> <span class='ocrx_word' id='word_1_144' title='bbox 618 1421 748 1463; x_wconf 88' lang='lat' dir='ltr'><strong>etiam</strong></span> <span class='ocrx_word' id='word_1_145' title='bbox 777 1433 931 1475; x_wconf 87' lang='lat' dir='ltr'><strong>corpus</strong></span> <span class='ocrx_word' id='word_1_146' title='bbox 959 1419 1087 1461; x_wconf 87' lang='lat' dir='ltr'><strong>matri</strong></span> <span class='ocrx_word' id='word_1_147' title='bbox 1115 1419 1184 1460; x_wconf 81' lang='lat' dir='ltr'><strong>vix</strong></span> <span class='ocrx_word' id='word_1_148' title='bbox 1211 1419 1364 1472; x_wconf 83' lang='lat' dir='ltr'><strong>vixque</strong></span> <span class='ocrx_word' id='word_1_149' title='bbox 1382 1419 1605 1460; x_wconf 89' lang='lat' dir='ltr'><strong>remissum</strong></span> 
     </span>
    </p>

    <p class='ocr_par' dir='ltr' id='par_1_7' title="bbox 477 1507 1322 1565">
     <span class='ocr_line' id='line_1_15' title="bbox 477 1507 1322 1565; baseline -0.005 -11"><span class='ocrx_word' id='word_1_150' title='bbox 477 1510 689 1565; x_wconf 82' lang='lat' dir='ltr'><strong>exsequiis</strong></span> <span class='ocrx_word' id='word_1_151' title='bbox 716 1508 868 1560; x_wconf 84' lang='lat' dir='ltr'><strong>caruit,</strong></span> <span class='ocrx_word' id='word_1_152' title='bbox 903 1507 1035 1560; x_wconf 77' lang='lat' dir='ltr'><strong>Livia,</strong></span> <span class='ocrx_word' id='word_1_153' title='bbox 1061 1521 1197 1563; x_wconf 89' lang='lat' dir='ltr'><strong>paene</strong></span> <span class='ocrx_word' id='word_1_154' title='bbox 1225 1508 1322 1551; x_wconf 88' lang='lat' dir='ltr'><strong>suis.</strong></span> 
     </span>
    </p>

    <p class='ocr_par' dir='ltr' id='par_1_8' title="bbox 478 1597 1653 1652">
     <span class='ocr_line' id='line_1_16' title="bbox 478 1597 1653 1652; baseline -0.002 -11"><span class='ocrx_word' id='word_1_155' title='bbox 478 1599 643 1652; x_wconf 83' lang='lat' dir='ltr'><strong>Quippe</strong></span> <span class='ocrx_word' id='word_1_156' title='bbox 672 1599 822 1640; x_wconf 90' lang='lat' dir='ltr'><strong>ducem</strong></span> <span class='ocrx_word' id='word_1_157' title='bbox 854 1598 1014 1638; x_wconf 86' lang='lat' dir='ltr'><strong>arsuris</strong></span> <span class='ocrx_word' id='word_1_158' title='bbox 1046 1598 1256 1639; x_wconf 82' lang='lat' dir='ltr'><strong>exercitus</strong></span> <span class='ocrx_word' id='word_1_159' title='bbox 1286 1598 1422 1638; x_wconf 90' lang='lat' dir='ltr'><strong>omnis</strong></span> <span class='ocrx_word' id='word_1_160' title='bbox 1450 1597 1492 1638; x_wconf 88' lang='lat' dir='ltr'><strong>in</strong></span> <span class='ocrx_word' id='word_1_161' title='bbox 1522 1597 1653 1639; x_wconf 87' lang='lat' dir='ltr'><strong>armis</strong></span> 
     </span>
    </p>

    <p class='ocr_par' dir='ltr' id='par_1_9' title="bbox 310 1684 2647 2185">
     <span class='ocr_line' id='line_1_17' title="bbox 474 1684 2638 1745; baseline 0.002 -16"><span class='ocrx_word' id='word_1_162' title='bbox 474 1688 586 1729; x_wconf 89' lang='lat' dir='ltr'><strong>inter</strong></span> <span class='ocrx_word' id='word_1_163' title='bbox 615 1699 710 1740; x_wconf 85' lang='lat' dir='ltr'><strong>quae</strong></span> <span class='ocrx_word' id='word_1_164' title='bbox 738 1686 867 1741; x_wconf 86' lang='lat' dir='ltr'><strong>periit</strong></span> <span class='ocrx_word' id='word_1_165' title='bbox 895 1697 1052 1739; x_wconf 86' lang='lat' dir='ltr'><strong>ponere</strong></span> <span class='ocrx_word' id='word_1_166' title='bbox 1082 1687 1222 1725; x_wconf 88' lang='lat' dir='ltr'><strong>certus</strong></span> <span class='ocrx_word' id='word_1_167' title='bbox 1252 1688 1356 1726; x_wconf 89' lang='lat' dir='ltr'><strong>erat.</strong></span> <span class='ocrx_word' id='word_1_168' title='bbox 1376 1684 1508 1724; x_wconf 87' lang='lat' dir='ltr'><strong>—En</strong></span> <span class='ocrx_word' id='word_1_169' title='bbox 1538 1684 1707 1726; x_wconf 89' lang='lat' dir='ltr'><strong>dicendi</strong></span> <span class='ocrx_word' id='word_1_170' title='bbox 1736 1699 1865 1740; x_wconf 89' lang='lat' dir='ltr'><strong>genus</strong></span> <span class='ocrx_word' id='word_1_171' title='bbox 1895 1699 2071 1741; x_wconf 85' lang='lat' dir='ltr'><strong>prorsus</strong></span> <span class='ocrx_word' id='word_1_172' title='bbox 2099 1688 2302 1730; x_wconf 82' lang='lat' dir='ltr'><strong>abnorme</strong></span> <span class='ocrx_word' id='word_1_173' title='bbox 2331 1694 2375 1730; x_wconf 89' lang='lat' dir='ltr'><strong>et</strong></span> <span class='ocrx_word' id='word_1_174' title='bbox 2393 1690 2489 1744; x_wconf 90' lang='lat' dir='ltr'><strong>plus</strong></span> <span class='ocrx_word' id='word_1_175' title='bbox 2509 1704 2638 1745; x_wconf 87' lang='lat' dir='ltr'><strong>quam</strong></span> 
     </span>
     <span class='ocr_line' id='line_1_18' title="bbox 313 1771 2641 1824; baseline 0 -5"><span class='ocrx_word' id='word_1_176' title='bbox 313 1779 554 1819; x_wconf 84' lang='lat' dir='ltr'><strong>contortum</strong></span> <span class='ocrx_word' id='word_1_177' title='bbox 581 1775 726 1816; x_wconf 81' lang='lat' dir='ltr'><strong>ducem</strong></span> <span class='ocrx_word' id='word_1_178' title='bbox 755 1773 927 1815; x_wconf 79' lang='lat' dir='ltr'><strong>arsuris</strong></span> <span class='ocrx_word' id='word_1_179' title='bbox 956 1772 1002 1814; x_wconf 76' lang='lat' dir='ltr'><strong>in</strong></span> <span class='ocrx_word' id='word_1_180' title='bbox 1031 1772 1168 1814; x_wconf 73' lang='lat' dir='ltr'><strong>armis</strong></span> <span class='ocrx_word' id='word_1_181' title='bbox 1189 1784 1345 1824; x_wconf 76' lang='lat' dir='ltr'><strong>ponere</strong></span> <span class='ocrx_word' id='word_1_182' title='bbox 1374 1771 1484 1813; x_wconf 80' lang='lat' dir='ltr'><strong>inter</strong></span> <span class='ocrx_word' id='word_1_183' title='bbox 1512 1785 1604 1824; x_wconf 77' lang='lat' dir='ltr'><strong>quoe</strong></span> <span class='ocrx_word' id='word_1_184' title='bbox 1624 1772 1785 1824; x_wconf 79' lang='lat' dir='ltr'><strong>periit!</strong></span> <span class='ocrx_word' id='word_1_185' title='bbox 1839 1771 1932 1815; x_wconf 89' lang='lat' dir='ltr'><strong>Non</strong></span> <span class='ocrx_word' id='word_1_186' title='bbox 1963 1772 2083 1824; x_wconf 84' lang='lat' dir='ltr'><strong>dico,</strong></span> <span class='ocrx_word' id='word_1_187' title='bbox 2113 1773 2229 1816; x_wconf 86' lang='lat' dir='ltr'><strong>aliud</strong></span> <span class='ocrx_word' id='word_1_188' title='bbox 2260 1789 2351 1817; x_wconf 87' lang='lat' dir='ltr'><strong>esse</strong></span> <span class='ocrx_word' id='word_1_189' title='bbox 2380 1776 2490 1818; x_wconf 76' lang='lat' dir='ltr'><strong>inter</strong></span> <span class='ocrx_word' id='word_1_190' title='bbox 2517 1792 2641 1821; x_wconf 82' lang='lat' dir='ltr'><strong>armv</strong></span> 
     </span>
     <span class='ocr_line' id='line_1_19' title="bbox 313 1859 2644 1919; baseline 0.001 -13"><span class='ocrx_word' id='word_1_191' title='bbox 313 1864 374 1919; x_wconf 85' lang='lat' dir='ltr'><strong>(h.</strong></span> <span class='ocrx_word' id='word_1_192' title='bbox 396 1878 433 1906; x_wconf 92' lang='lat' dir='ltr'><strong>e.</strong></span> <span class='ocrx_word' id='word_1_193' title='bbox 460 1863 572 1905; x_wconf 87' lang='lat' dir='ltr'><strong>inter</strong></span> <span class='ocrx_word' id='word_1_194' title='bbox 601 1866 807 1917; x_wconf 83' lang='lat' dir='ltr'><strong>pugnam)</strong></span> <span class='ocrx_word' id='word_1_195' title='bbox 834 1860 975 1916; x_wconf 88' lang='lat' dir='ltr'><strong>perire</strong></span> <span class='ocrx_word' id='word_1_196' title='bbox 1004 1864 1047 1902; x_wconf 90' lang='lat' dir='ltr'><strong>et</strong></span> <span class='ocrx_word' id='word_1_197' title='bbox 1075 1860 1121 1901; x_wconf 76' lang='lat' dir='ltr'><strong>in</strong></span> <span class='ocrx_word' id='word_1_198' title='bbox 1150 1859 1287 1901; x_wconf 75' lang='lat' dir='ltr'><strong>armi-s·</strong></span> <span class='ocrx_word' id='word_1_199' title='bbox 1315 1859 1374 1908; x_wconf 84' lang='lat' dir='ltr'><strong>(h.</strong></span> <span class='ocrx_word' id='word_1_200' title='bbox 1396 1873 1429 1901; x_wconf 86' lang='lat' dir='ltr'><strong>e.</strong></span> <span class='ocrx_word' id='word_1_201' title='bbox 1461 1863 1697 1909; x_wconf 81' lang='lat' dir='ltr'><strong>armatum)</strong></span> <span class='ocrx_word' id='word_1_202' title='bbox 1725 1860 1883 1914; x_wconf 88' lang='lat' dir='ltr'><strong>perire,</strong></span> <span class='ocrx_word' id='word_1_203' title='bbox 1912 1875 2049 1916; x_wconf 90' lang='lat' dir='ltr'><strong>neque</strong></span> <span class='ocrx_word' id='word_1_204' title='bbox 2077 1862 2159 1905; x_wconf 89' lang='lat' dir='ltr'><strong>nisi</strong></span> <span class='ocrx_word' id='word_1_205' title='bbox 2188 1863 2235 1906; x_wconf 76' lang='lat' dir='ltr'><strong>in</strong></span> <span class='ocrx_word' id='word_1_206' title='bbox 2262 1864 2392 1906; x_wconf 86' lang='lat' dir='ltr'><strong>armis</strong></span> <span class='ocrx_word' id='word_1_207' title='bbox 2412 1866 2644 1919; x_wconf 85' lang='lat' dir='ltr'><strong>quemlibet</strong></span> 
     </span>
     <span class='ocr_line' id='line_1_20' title="bbox 312 1949 2638 2009; baseline 0.002 -15"><span class='ocrx_word' id='word_1_208' title='bbox 312 1952 508 2008; x_wconf 91' lang='lat' dir='ltr'><strong>componi</strong></span> <span class='ocrx_word' id='word_1_209' title='bbox 537 1964 675 2006; x_wconf 90' lang='lat' dir='ltr'><strong>posse,</strong></span> <span class='ocrx_word' id='word_1_210' title='bbox 704 1950 784 1992; x_wconf 90' lang='lat' dir='ltr'><strong>hoc</strong></span> <span class='ocrx_word' id='word_1_211' title='bbox 812 1949 964 1991; x_wconf 83' lang='lat' dir='ltr'><strong>saltem</strong></span> <span class='ocrx_word' id='word_1_212' title='bbox 993 1962 1117 2002; x_wconf 89' lang='lat' dir='ltr'><strong>quem</strong></span> <span class='ocrx_word' id='word_1_213' title='bbox 1146 1949 1279 1991; x_wconf 84' lang='lat' dir='ltr'><strong>voluit</strong></span> <span class='ocrx_word' id='word_1_214' title='bbox 1304 1953 1433 2003; x_wconf 88' lang='lat' dir='ltr'><strong>poeta</strong></span> <span class='ocrx_word' id='word_1_215' title='bbox 1461 1962 1611 2000; x_wconf 90' lang='lat' dir='ltr'><strong>sensu,</strong></span> <span class='ocrx_word' id='word_1_216' title='bbox 1641 1952 1688 1990; x_wconf 79' lang='lat' dir='ltr'><strong>at</strong></span> <span class='ocrx_word' id='word_1_217' title='bbox 1709 1951 1882 1992; x_wconf 75' lang='lat' dir='ltr'><strong>arsuris</strong></span> <span class='ocrx_word' id='word_1_218' title='bbox 1918 1951 1962 1992; x_wconf 85' lang='lat' dir='ltr'><strong>in</strong></span> <span class='ocrx_word' id='word_1_219' title='bbox 1990 1954 2125 1994; x_wconf 77' lang='lat' dir='ltr'><strong>armis</strong></span> <span class='ocrx_word' id='word_1_220' title='bbox 2150 1965 2303 2004; x_wconf 84' lang='lat' dir='ltr'><strong>ponere</strong></span> <span class='ocrx_word' id='word_1_221' title='bbox 2333 1967 2411 2007; x_wconf 77' lang='lat' dir='ltr'><strong>pro</strong></span> <span class='ocrx_word' id='word_1_222' title='bbox 2441 1968 2491 1996; x_wconf 90' lang='lat' dir='ltr'><strong>eo</strong></span> <span class='ocrx_word' id='word_1_223' title='bbox 2520 1955 2638 2009; x_wconf 87' lang='lat' dir='ltr'><strong>quod</strong></span> 
     </span>
     <span class='ocr_line' id='line_1_21' title="bbox 312 2037 2645 2093; baseline 0.001 -8"><span class='ocrx_word' id='word_1_224' title='bbox 312 2046 378 2085; x_wconf 91' lang='lat' dir='ltr'><strong>est</strong></span> <span class='ocrx_word' id='word_1_225' title='bbox 408 2040 539 2084; x_wconf 75' lang='lat' dir='ltr'><strong>simul</strong></span> <span class='ocrx_word' id='word_1_226' title='bbox 574 2053 668 2084; x_wconf 80' lang='lat' dir='ltr'><strong>cum</strong></span> <span class='ocrx_word' id='word_1_227' title='bbox 702 2038 840 2082; x_wconf 79' lang='lat' dir='ltr'><strong>armis</strong></span> <span class='ocrx_word' id='word_1_228' title='bbox 876 2038 1114 2080; x_wconf 81' lang='lat' dir='ltr'><strong>comburere</strong></span> <span class='ocrx_word' id='word_1_229' title='bbox 1150 2038 1247 2091; x_wconf 83' lang='lat' dir='ltr'><strong>quis</strong></span> <span class='ocrx_word' id='word_1_230' title='bbox 1282 2051 1470 2092; x_wconf 86' lang='lat' dir='ltr'><strong>unquam</strong></span> <span class='ocrx_word' id='word_1_231' title='bbox 1507 2042 1635 2092; x_wconf 78' lang='lat' dir='ltr'><strong>poeta</strong></span> <span class='ocrx_word' id='word_1_232' title='bbox 1677 2041 1801 2080; x_wconf 88' lang='lat' dir='ltr'><strong>tanta</strong></span> <span class='ocrx_word' id='word_1_233' title='bbox 1836 2037 1917 2080; x_wconf 83' lang='lat' dir='ltr'><strong>fuit</strong></span> <span class='ocrx_word' id='word_1_234' title='bbox 1959 2039 2239 2093; x_wconf 85' lang='lat' dir='ltr'><strong>perversitate</strong></span> <span class='ocrx_word' id='word_1_235' title='bbox 2284 2046 2332 2083; x_wconf 93' lang='lat' dir='ltr'><strong>ut</strong></span> <span class='ocrx_word' id='word_1_236' title='bbox 2374 2042 2515 2086; x_wconf 89' lang='lat' dir='ltr'><strong>dicere</strong></span> <span class='ocrx_word' id='word_1_237' title='bbox 2560 2058 2645 2088; x_wconf 87' lang='lat' dir='ltr'><strong>non</strong></span> 
     </span>
     <span class='ocr_line' id='line_1_22' title="bbox 310 2124 2647 2185; baseline 0.001 -13"><span class='ocrx_word' id='word_1_238' title='bbox 310 2129 554 2172; x_wconf 68' lang='lat' dir='ltr'><strong>erubuerit?</strong></span> <span class='ocrx_word' id='word_1_239' title='bbox 617 2127 763 2182; x_wconf 91' lang='lat' dir='ltr'><strong>Neque</strong></span> <span class='ocrx_word' id='word_1_240' title='bbox 804 2130 996 2168; x_wconf 86' lang='lat' dir='ltr'><strong>nostrum</strong></span> <span class='ocrx_word' id='word_1_241' title='bbox 1040 2125 1197 2168; x_wconf 82' lang='lat' dir='ltr'><strong>dixisse</strong></span> <span class='ocrx_word' id='word_1_242' title='bbox 1240 2125 1440 2167; x_wconf 86' lang='lat' dir='ltr'><strong>arbitror.</strong></span> <span class='ocrx_word' id='word_1_243' title='bbox 1512 2124 1646 2178; x_wconf 82' lang='lat' dir='ltr'><strong>Igitur</strong></span> <span class='ocrx_word' id='word_1_244' title='bbox 1688 2125 1801 2167; x_wconf 82' lang='lat' dir='ltr'><strong>haud</strong></span> <span class='ocrx_word' id='word_1_245' title='bbox 1846 2127 2025 2168; x_wconf 90' lang='lat' dir='ltr'><strong>multum</strong></span> <span class='ocrx_word' id='word_1_246' title='bbox 2067 2128 2219 2170; x_wconf 87' lang='lat' dir='ltr'><strong>aberat</strong></span> <span class='ocrx_word' id='word_1_247' title='bbox 2247 2130 2347 2183; x_wconf 91' lang='lat' dir='ltr'><strong>quin</strong></span> <span class='ocrx_word' id='word_1_248' title='bbox 2391 2132 2647 2185; x_wconf 82' lang='lat' dir='ltr'><strong>corrigerem</strong></span> 
     </span>
    </p>

    <p class='ocr_par' dir='ltr' id='par_1_10' title="bbox 476 2214 1625 2274">
     <span class='ocr_line' id='line_1_23' title="bbox 476 2214 1625 2274; baseline -0.003 -13"><span class='ocrx_word' id='word_1_249' title='bbox 476 2218 633 2274; x_wconf 91' lang='lat' dir='ltr'><strong>quippe</strong></span> <span class='ocrx_word' id='word_1_250' title='bbox 661 2217 810 2260; x_wconf 88' lang='lat' dir='ltr'><strong>ducem</strong></span> <span class='ocrx_word' id='word_1_251' title='bbox 840 2215 998 2259; x_wconf 78' lang='lat' dir='ltr'><strong>arctois</strong></span> <span class='ocrx_word' id='word_1_252' title='bbox 1028 2214 1240 2258; x_wconf 86' lang='lat' dir='ltr'><strong>exercitus</strong></span> <span class='ocrx_word' id='word_1_253' title='bbox 1270 2214 1405 2257; x_wconf 86' lang='lat' dir='ltr'><strong>omnis</strong></span> <span class='ocrx_word' id='word_1_254' title='bbox 1432 2214 1476 2256; x_wconf 89' lang='lat' dir='ltr'><strong>in</strong></span> <span class='ocrx_word' id='word_1_255' title='bbox 1507 2214 1625 2258; x_wconf 78' lang='lat' dir='ltr'><strong>arvis</strong></span> 
     </span>
    </p>

    <p class='ocr_par' dir='ltr' id='par_1_11' title="bbox 311 2302 2640 2798">
     <span class='ocr_line' id='line_1_24' title="bbox 476 2302 2634 2362; baseline 0 -12"><span class='ocrx_word' id='word_1_256' title='bbox 476 2306 594 2350; x_wconf 80' lang='lat' dir='ltr'><strong>intra</strong></span> <span class='ocrx_word' id='word_1_257' title='bbox 619 2318 713 2361; x_wconf 81' lang='lat' dir='ltr'><strong>quae</strong></span> <span class='ocrx_word' id='word_1_258' title='bbox 738 2304 868 2362; x_wconf 87' lang='lat' dir='ltr'><strong>periit</strong></span> <span class='ocrx_word' id='word_1_259' title='bbox 894 2315 1052 2360; x_wconf 90' lang='lat' dir='ltr'><strong>ponere</strong></span> <span class='ocrx_word' id='word_1_260' title='bbox 1081 2306 1224 2347; x_wconf 88' lang='lat' dir='ltr'><strong>certus</strong></span> <span class='ocrx_word' id='word_1_261' title='bbox 1244 2307 1349 2348; x_wconf 84' lang='lat' dir='ltr'><strong>erat.</strong></span> <span class='ocrx_word' id='word_1_262' title='bbox 1370 2326 1424 2332; x_wconf 90' lang='lat'><strong>—-</strong></span> <span class='ocrx_word' id='word_1_263' title='bbox 1444 2302 1602 2346; x_wconf 86' lang='lat' dir='ltr'><strong>Urbem</strong></span> <span class='ocrx_word' id='word_1_264' title='bbox 1624 2303 1801 2347; x_wconf 81' lang='lat' dir='ltr'><strong>Romam</strong></span> <span class='ocrx_word' id='word_1_265' title='bbox 1820 2304 1864 2347; x_wconf 91' lang='lat' dir='ltr'><strong>in</strong></span> <span class='ocrx_word' id='word_1_266' title='bbox 1880 2309 2002 2348; x_wconf 76' lang='lat' dir='ltr'><strong>tanto</strong></span> <span class='ocrx_word' id='word_1_267' title='bbox 2021 2309 2195 2362; x_wconf 85' lang='lat' dir='ltr'><strong>tamque</strong></span> <span class='ocrx_word' id='word_1_268' title='bbox 2215 2307 2426 2350; x_wconf 89' lang='lat' dir='ltr'><strong>communi</strong></span> <span class='ocrx_word' id='word_1_269' title='bbox 2446 2307 2634 2351; x_wconf 91' lang='lat' dir='ltr'><strong>omnium</strong></span> 
     </span>
     <span class='ocr_line' id='line_1_25' title="bbox 311 2391 2640 2449; baseline 0 -11"><span class='ocrx_word' id='word_1_270' title='bbox 311 2396 430 2439; x_wconf 89' lang='lat' dir='ltr'><strong>luctu</strong></span> <span class='ocrx_word' id='word_1_271' title='bbox 458 2408 624 2449; x_wconf 89' lang='lat' dir='ltr'><strong>gemere</strong></span> <span class='ocrx_word' id='word_1_272' title='bbox 652 2393 1024 2446; x_wconf 86' lang='lat' dir='ltr'><strong>miserabilemque</strong></span> <span class='ocrx_word' id='word_1_273' title='bbox 1043 2392 1206 2434; x_wconf 89' lang='lat' dir='ltr'><strong>vultum</strong></span> <span class='ocrx_word' id='word_1_274' title='bbox 1235 2391 1411 2434; x_wconf 87' lang='lat' dir='ltr'><strong>induere</strong></span> <span class='ocrx_word' id='word_1_275' title='bbox 1437 2398 1494 2441; x_wconf 88' lang='lat' dir='ltr'><strong>(v.</strong></span> <span class='ocrx_word' id='word_1_276' title='bbox 1524 2391 1618 2441; x_wconf 85' lang='grc'>181)</span> <span class='ocrx_word' id='word_1_277' title='bbox 1648 2395 1975 2434; x_wconf 90' lang='lat' dir='ltr'><strong>consentaneum</strong></span> <span class='ocrx_word' id='word_1_278' title='bbox 1995 2398 2078 2444; x_wconf 82' lang='lat' dir='ltr'><strong>est,</strong></span> <span class='ocrx_word' id='word_1_279' title='bbox 2107 2394 2218 2436; x_wconf 85' lang='lat' dir='ltr'><strong>cives</strong></span> <span class='ocrx_word' id='word_1_280' title='bbox 2239 2408 2336 2437; x_wconf 83' lang='lat' dir='ltr'><strong>vero</strong></span> <span class='ocrx_word' id='word_1_281' title='bbox 2357 2408 2432 2437; x_wconf 92' lang='lat' dir='ltr'><strong>cur</strong></span> <span class='ocrx_word' id='word_1_282' title='bbox 2452 2395 2640 2438; x_wconf 87' lang='lat' dir='ltr'><strong>incertos</strong></span> 
     </span>
     <span class='ocr_line' id='line_1_26' title="bbox 311 2479 2635 2539; baseline -0.001 -11"><span class='ocrx_word' id='word_1_283' title='bbox 311 2488 356 2528; x_wconf 90' lang='lat' dir='ltr'><strong>et</strong></span> <span class='ocrx_word' id='word_1_284' title='bbox 381 2483 558 2539; x_wconf 85' lang='lat' dir='ltr'><strong>pavidos</strong></span> <span class='ocrx_word' id='word_1_285' title='bbox 584 2488 640 2532; x_wconf 89' lang='lat' dir='ltr'><strong>(v.</strong></span> <span class='ocrx_word' id='word_1_286' title='bbox 669 2482 756 2525; x_wconf 78' lang='grc'>183.</span> <span class='ocrx_word' id='word_1_287' title='bbox 785 2481 876 2535; x_wconf 79' lang='grc'>184)</span> <span class='ocrx_word' id='word_1_288' title='bbox 906 2480 1039 2523; x_wconf 86' lang='lat' dir='ltr'><strong>faciat</strong></span> <span class='ocrx_word' id='word_1_289' title='bbox 1068 2484 1216 2536; x_wconf 85' lang='lat' dir='ltr'><strong>poeta,</strong></span> <span class='ocrx_word' id='word_1_290' title='bbox 1246 2494 1329 2522; x_wconf 92' lang='lat' dir='ltr'><strong>non</strong></span> <span class='ocrx_word' id='word_1_291' title='bbox 1360 2480 1466 2521; x_wconf 88' lang='lat' dir='ltr'><strong>bene</strong></span> <span class='ocrx_word' id='word_1_292' title='bbox 1492 2479 1764 2534; x_wconf 86' lang='lat' dir='ltr'><strong>intellegitur,</strong></span> <span class='ocrx_word' id='word_1_293' title='bbox 1793 2479 1866 2535; x_wconf 90' lang='lat' dir='ltr'><strong>qui</strong></span> <span class='ocrx_word' id='word_1_294' title='bbox 1895 2484 2038 2522; x_wconf 86' lang='lat' dir='ltr'><strong>tamen</strong></span> <span class='ocrx_word' id='word_1_295' title='bbox 2065 2484 2113 2523; x_wconf 80' lang='lat' dir='ltr'><strong>ut</strong></span> <span class='ocrx_word' id='word_1_296' title='bbox 2142 2480 2222 2523; x_wconf 89' lang='lat' dir='ltr'><strong>sibi</strong></span> <span class='ocrx_word' id='word_1_297' title='bbox 2252 2487 2468 2525; x_wconf 86' lang='lat' dir='ltr'><strong>constaret</strong></span> <span class='ocrx_word' id='word_1_298' title='bbox 2495 2483 2635 2525; x_wconf 88' lang='lat' dir='ltr'><strong>dicere</strong></span> 
     </span>
     <span class='ocr_line' id='line_1_27' title="bbox 311 2568 2640 2624; baseline 0.001 -13"><span class='ocrx_word' id='word_1_299' title='bbox 311 2569 496 2612; x_wconf 87' lang='lat' dir='ltr'><strong>debebat</strong></span> <span class='ocrx_word' id='word_1_300' title='bbox 524 2576 589 2622; x_wconf 90' lang='lat' dir='ltr'><strong>et,</strong></span> <span class='ocrx_word' id='word_1_301' title='bbox 620 2571 663 2611; x_wconf 89' lang='lat' dir='ltr'><strong>ni</strong></span> <span class='ocrx_word' id='word_1_302' title='bbox 691 2570 841 2621; x_wconf 81' lang='lat' dir='ltr'><strong>fallor,</strong></span> <span class='ocrx_word' id='word_1_303' title='bbox 871 2568 981 2611; x_wconf 85' lang='lat' dir='ltr'><strong>dixit</strong></span> <span class='ocrx_word' id='word_1_304' title='bbox 1009 2584 1044 2609; x_wconf 86' lang='lat' dir='ltr'><strong>v.</strong></span> <span class='ocrx_word' id='word_1_305' title='bbox 1070 2569 1149 2610; x_wconf 83' lang='grc'><strong>183</strong></span> <span class='ocrx_word' id='word_1_306' title='bbox 1178 2568 1329 2610; x_wconf 88' lang='lat' dir='ltr'><strong>incerti</strong></span> <span class='ocrx_word' id='word_1_307' title='bbox 1359 2568 1646 2623; x_wconf 86' lang='lat' dir='ltr'><strong>clauduntque</strong></span> <span class='ocrx_word' id='word_1_308' title='bbox 1676 2569 1826 2611; x_wconf 86' lang='lat' dir='ltr'><strong>domos</strong></span> <span class='ocrx_word' id='word_1_309' title='bbox 1855 2568 2148 2623; x_wconf 80' lang='lat' dir='ltr'><strong>trepidantque</strong></span> <span class='ocrx_word' id='word_1_310' title='bbox 2174 2585 2252 2624; x_wconf 91' lang='lat' dir='ltr'><strong>pcr</strong></span> <span class='ocrx_word' id='word_1_311' title='bbox 2283 2571 2431 2612; x_wconf 86' lang='lat' dir='ltr'><strong>urbem</strong></span> <span class='ocrx_word' id='word_1_312' title='bbox 2470 2586 2548 2624; x_wconf 89' lang='lat' dir='ltr'><strong>pro</strong></span> <span class='ocrx_word' id='word_1_313' title='bbox 2588 2585 2640 2613; x_wconf 88' lang='lat' dir='ltr'><strong>eo</strong></span> 
     </span>
     <span class='ocr_line' id='line_1_28' title="bbox 311 2656 2639 2714; baseline 0 -13"><span class='ocrx_word' id='word_1_314' title='bbox 311 2658 427 2714; x_wconf 88' lang='lat' dir='ltr'><strong>quod</strong></span> <span class='ocrx_word' id='word_1_315' title='bbox 454 2658 610 2712; x_wconf 88' lang='lat' dir='ltr'><strong>legitur</strong></span> <span class='ocrx_word' id='word_1_316' title='bbox 638 2658 877 2710; x_wconf 76' lang='lat' dir='ltr'><strong>strepitant.</strong></span> <span class='ocrx_word' id='word_1_317' title='bbox 906 2681 960 2687; x_wconf 80' lang='lat'><strong>--</strong></span> <span class='ocrx_word' id='word_1_318' title='bbox 991 2656 1223 2710; x_wconf 87' lang='lat' dir='ltr'><strong>Postquam</strong></span> <span class='ocrx_word' id='word_1_319' title='bbox 1251 2661 1380 2711; x_wconf 89' lang='lat' dir='ltr'><strong>poeta</strong></span> <span class='ocrx_word' id='word_1_320' title='bbox 1409 2656 1556 2711; x_wconf 88' lang='lat' dir='ltr'><strong>quales</strong></span> <span class='ocrx_word' id='word_1_321' title='bbox 1584 2657 1628 2699; x_wconf 90' lang='lat' dir='ltr'><strong>in</strong></span> <span class='ocrx_word' id='word_1_322' title='bbox 1658 2657 1774 2699; x_wconf 89' lang='lat' dir='ltr'><strong>luctu</strong></span> <span class='ocrx_word' id='word_1_323' title='bbox 1804 2671 1894 2700; x_wconf 88' lang='lat' dir='ltr'><strong>sese</strong></span> <span class='ocrx_word' id='word_1_324' title='bbox 1923 2657 2133 2710; x_wconf 81' lang='lat' dir='ltr'><strong>gesserint</strong></span> <span class='ocrx_word' id='word_1_325' title='bbox 2154 2658 2350 2712; x_wconf 84' lang='lat' dir='ltr'><strong>juvenes,</strong></span> <span class='ocrx_word' id='word_1_326' title='bbox 2379 2673 2523 2710; x_wconf 78' lang='lat' dir='ltr'><strong>seneS‚</strong></span> <span class='ocrx_word' id='word_1_327' title='bbox 2554 2660 2639 2701; x_wconf 84' lang='lat' dir='ltr'><strong>Au-</strong></span> 
     </span>
     <span class='ocr_line' id='line_1_29' title="bbox 311 2746 1723 2798; baseline -0.005 -10"><span class='ocrx_word' id='word_1_328' title='bbox 311 2748 458 2788; x_wconf 81' lang='lat' dir='ltr'><strong>soniae</strong></span> <span class='ocrx_word' id='word_1_329' title='bbox 485 2751 646 2787; x_wconf 85' lang='lat' dir='ltr'><strong>matres</strong></span> <span class='ocrx_word' id='word_1_330' title='bbox 675 2759 893 2798; x_wconf 89' lang='lat' dir='ltr'><strong>nurusque</strong></span> <span class='ocrx_word' id='word_1_331' title='bbox 923 2746 1122 2798; x_wconf 86' lang='lat' dir='ltr'><strong>deinceps</strong></span> <span class='ocrx_word' id='word_1_332' title='bbox 1152 2746 1388 2794; x_wconf 86' lang='lat' dir='ltr'><strong>enarravit,</strong></span> <span class='ocrx_word' id='word_1_333' title='bbox 1417 2746 1557 2796; x_wconf 86' lang='lat' dir='ltr'><strong>pergit</strong></span> <span class='ocrx_word' id='word_1_334' title='bbox 1586 2759 1621 2783; x_wconf 91' lang='lat' dir='ltr'><strong>v.</strong></span> <span class='ocrx_word' id='word_1_335' title='bbox 1643 2746 1723 2783; x_wconf 69' lang='lat'><strong>209</strong></span> 
     </span>
    </p>

    <p class='ocr_par' dir='ltr' id='par_1_12' title="bbox 477 2834 1633 2882">
     <span class='ocr_line' id='line_1_30' title="bbox 477 2834 1633 2882; baseline -0.003 -7"><span class='ocrx_word' id='word_1_336' title='bbox 477 2836 534 2875; x_wconf 89' lang='lat' dir='ltr'><strong>Et</strong></span> <span class='ocrx_word' id='word_1_337' title='bbox 562 2847 663 2876; x_wconf 87' lang='lat' dir='ltr'><strong>voce</strong></span> <span class='ocrx_word' id='word_1_338' title='bbox 691 2839 734 2874; x_wconf 93' lang='lat' dir='ltr'><strong>et</strong></span> <span class='ocrx_word' id='word_1_339' title='bbox 761 2835 952 2874; x_wconf 85' lang='lat' dir='ltr'><strong>lacrimis</strong></span> <span class='ocrx_word' id='word_1_340' title='bbox 983 2834 1169 2872; x_wconf 86' lang='lat' dir='ltr'><strong>laudasti</strong></span> <span class='ocrx_word' id='word_1_341' title='bbox 1199 2834 1373 2882; x_wconf 82' lang='lat' dir='ltr'><strong>Caesar,</strong></span> <span class='ocrx_word' id='word_1_342' title='bbox 1404 2834 1633 2872; x_wconf 87' lang='lat' dir='ltr'><strong>alumnum.</strong></span> 
     </span>
    </p>

    <p class='ocr_par' dir='ltr' id='par_1_13' title="bbox 312 2921 2642 3158">
     <span class='ocr_line' id='line_1_31' title="bbox 477 2921 2631 2977; baseline -0.001 -12"><span class='ocrx_word' id='word_1_343' title='bbox 477 2924 569 2965; x_wconf 89' lang='lat' dir='ltr'><strong>Hoc</strong></span> <span class='ocrx_word' id='word_1_344' title='bbox 598 2928 645 2964; x_wconf 90' lang='lat' dir='ltr'><strong>tu</strong></span> <span class='ocrx_word' id='word_1_345' title='bbox 674 2923 762 2964; x_wconf 87' lang='lat' dir='ltr'><strong>noli</strong></span> <span class='ocrx_word' id='word_1_346' title='bbox 790 2923 984 2975; x_wconf 76' lang='lat' dir='ltr'><strong>credere⁷</strong></span> <span class='ocrx_word' id='word_1_347' title='bbox 1027 2921 1181 2972; x_wconf 82' lang='lat' dir='ltr'><strong>lector,</strong></span> <span class='ocrx_word' id='word_1_348' title='bbox 1223 2921 1332 2960; x_wconf 84' lang='lat' dir='ltr'><strong>dixit</strong></span> <span class='ocrx_word' id='word_1_349' title='bbox 1358 2923 1469 2960; x_wconf 89' lang='lat' dir='ltr'><strong>enim</strong></span> <span class='ocrx_word' id='word_1_350' title='bbox 1497 2922 1588 2960; x_wconf 90' lang='lat' dir='ltr'><strong>sine</strong></span> <span class='ocrx_word' id='word_1_351' title='bbox 1619 2921 1748 2961; x_wconf 91' lang='lat' dir='ltr'><strong>dubio</strong></span> <span class='ocrx_word' id='word_1_352' title='bbox 1778 2922 1843 2961; x_wconf 78' lang='lat' dir='ltr'><strong>Tu</strong></span> <span class='ocrx_word' id='word_1_353' title='bbox 1871 2936 1972 2962; x_wconf 86' lang='lat' dir='ltr'><strong>voce</strong></span> <span class='ocrx_word' id='word_1_354' title='bbox 2007 2929 2050 2963; x_wconf 86' lang='lat' dir='ltr'><strong>et</strong></span> <span class='ocrx_word' id='word_1_355' title='bbox 2086 2924 2274 2963; x_wconf 83' lang='lat' dir='ltr'><strong>lacrimis</strong></span> <span class='ocrx_word' id='word_1_356' title='bbox 2313 2936 2430 2977; x_wconf 87' lang='lat' dir='ltr'><strong>seqq.</strong></span> <span class='ocrx_word' id='word_1_357' title='bbox 2489 2923 2631 2971; x_wconf 83' lang='lat' dir='ltr'><strong>Quod-</strong></span> 
     </span>
     <span class='ocr_line' id='line_1_32' title="bbox 313 3010 2642 3066; baseline -0.002 -9"><span class='ocrx_word' id='word_1_358' title='bbox 313 3016 465 3057; x_wconf 85' lang='lat' dir='ltr'><strong>contra</strong></span> <span class='ocrx_word' id='word_1_359' title='bbox 490 3012 757 3055; x_wconf 82' lang='lat' dir='ltr'><strong>restituenda</strong></span> <span class='ocrx_word' id='word_1_360' title='bbox 785 3015 849 3053; x_wconf 88' lang='lat' dir='ltr'><strong>est</strong></span> <span class='ocrx_word' id='word_1_361' title='bbox 877 3010 1029 3053; x_wconf 84' lang='lat' dir='ltr'><strong>vocula</strong></span> <span class='ocrx_word' id='word_1_362' title='bbox 1055 3014 1094 3052; x_wconf 79' lang='lat' dir='ltr'><strong>et</strong></span> <span class='ocrx_word' id='word_1_363' title='bbox 1119 3010 1258 3052; x_wconf 87' lang='lat' dir='ltr'><strong>versui</strong></span> <span class='ocrx_word' id='word_1_364' title='bbox 1287 3010 1377 3051; x_wconf 77' lang='lat'><strong>220.</strong></span> <span class='ocrx_word' id='word_1_365' title='bbox 1437 3014 1496 3051; x_wconf 83' lang='lat' dir='ltr'><strong>Et</strong></span> <span class='ocrx_word' id='word_1_366' title='bbox 1524 3023 1604 3051; x_wconf 86' lang='lat' dir='ltr'><strong>vox</strong></span> <span class='ocrx_word' id='word_1_367' title='bbox 1632 3010 1821 3051; x_wconf 88' lang='lat' dir='ltr'><strong>adversis</strong></span> <span class='ocrx_word' id='word_1_368' title='bbox 1849 3010 2028 3051; x_wconf 86' lang='lat' dir='ltr'><strong>collibus</strong></span> <span class='ocrx_word' id='word_1_369' title='bbox 2056 3011 2144 3052; x_wconf 87' lang='lat' dir='ltr'><strong>icta</strong></span> <span class='ocrx_word' id='word_1_370' title='bbox 2171 3011 2283 3052; x_wconf 85' lang='lat' dir='ltr'><strong>redit</strong></span> <span class='ocrx_word' id='word_1_371' title='bbox 2308 3032 2362 3038; x_wconf 90' lang='lat'><strong>-—</strong></span> <span class='ocrx_word' id='word_1_372' title='bbox 2390 3010 2463 3051; x_wconf 90' lang='lat' dir='ltr'><strong>ubi</strong></span> <span class='ocrx_word' id='word_1_373' title='bbox 2484 3010 2642 3066; x_wconf 84' lang='lat' dir='ltr'><strong>legitur</strong></span> 
     </span>
     <span class='ocr_line' id='line_1_33' title="bbox 312 3097 1394 3158; baseline -0.004 -15"><span class='ocrx_word' id='word_1_374' title='bbox 312 3103 381 3153; x_wconf 85' lang='lat' dir='ltr'><strong>at,</strong></span> <span class='ocrx_word' id='word_1_375' title='bbox 409 3102 674 3158; x_wconf 86' lang='lat' dir='ltr'><strong>repugnante</strong></span> <span class='ocrx_word' id='word_1_376' title='bbox 702 3097 934 3150; x_wconf 84' lang='lat' dir='ltr'><strong>sententia,</strong></span> <span class='ocrx_word' id='word_1_377' title='bbox 963 3110 1146 3153; x_wconf 86' lang='lat' dir='ltr'><strong>namque</strong></span> <span class='ocrx_word' id='word_1_378' title='bbox 1174 3097 1394 3153; x_wconf 88' lang='lat' dir='ltr'><strong>praecedit</strong></span> 
     </span>
    </p>

    <p class='ocr_par' dir='ltr' id='par_1_14' title="bbox 477 3186 1677 3243">
     <span class='ocr_line' id='line_1_34' title="bbox 477 3186 1677 3243; baseline -0.002 -12"><span class='ocrx_word' id='word_1_379' title='bbox 477 3191 522 3232; x_wconf 87' lang='lat' dir='ltr'><strong>te</strong></span> <span class='ocrx_word' id='word_1_380' title='bbox 551 3187 737 3232; x_wconf 84' lang='lat' dir='ltr'><strong>clamore</strong></span> <span class='ocrx_word' id='word_1_381' title='bbox 764 3190 919 3231; x_wconf 86' lang='lat' dir='ltr'><strong>vocant</strong></span> <span class='ocrx_word' id='word_1_382' title='bbox 947 3186 1183 3242; x_wconf 85' lang='lat' dir='ltr'><strong>iterumque</strong></span> <span class='ocrx_word' id='word_1_383' title='bbox 1211 3186 1451 3243; x_wconf 87' lang='lat' dir='ltr'><strong>iterumque</strong></span> <span class='ocrx_word' id='word_1_384' title='bbox 1479 3186 1677 3230; x_wconf 85' lang='lat' dir='ltr'><strong>secundo.</strong></span> 
     </span>
    </p>

    <p class='ocr_par' dir='ltr' id='par_1_15' title="bbox 478 3274 2150 3331">
     <span class='ocr_line' id='line_1_35' title="bbox 478 3274 2150 3331; baseline -0.001 -13"><span class='ocrx_word' id='word_1_385' title='bbox 478 3275 702 3319; x_wconf 85' lang='lat' dir='ltr'><strong>Tiberinus</strong></span> <span class='ocrx_word' id='word_1_386' title='bbox 729 3276 821 3331; x_wconf 82' lang='lat' dir='ltr'><strong>ipse</strong></span> <span class='ocrx_word' id='word_1_387' title='bbox 848 3282 972 3331; x_wconf 84' lang='lat' dir='ltr'><strong>pater</strong></span> <span class='ocrx_word' id='word_1_388' title='bbox 999 3288 1027 3318; x_wconf 81' lang='lat' dir='ltr'><strong>a</strong></span> <span class='ocrx_word' id='word_1_389' title='bbox 1053 3274 1235 3330; x_wconf 85' lang='lat' dir='ltr'><strong>lugendo</strong></span> <span class='ocrx_word' id='word_1_390' title='bbox 1264 3289 1356 3319; x_wconf 88' lang='lat' dir='ltr'><strong>sese</strong></span> <span class='ocrx_word' id='word_1_391' title='bbox 1384 3289 1467 3318; x_wconf 90' lang='lat' dir='ltr'><strong>non</strong></span> <span class='ocrx_word' id='word_1_392' title='bbox 1496 3276 1705 3319; x_wconf 84' lang='lat' dir='ltr'><strong>continuit</strong></span> <span class='ocrx_word' id='word_1_393' title='bbox 1733 3281 1790 3326; x_wconf 82' lang='lat' dir='ltr'><strong>(v.</strong></span> <span class='ocrx_word' id='word_1_394' title='bbox 1811 3275 1887 3318; x_wconf 81' lang='lat'><strong>221</strong></span> <span class='ocrx_word' id='word_1_395' title='bbox 1911 3276 2050 3331; x_wconf 86' lang='lat' dir='ltr'><strong>seqq.)</strong></span> <span class='ocrx_word' id='word_1_396' title='bbox 2077 3275 2150 3330; x_wconf 92' lang='lat' dir='ltr'><strong>qui</strong></span> 
     </span>
    </p>
   </div>
  </div>
 </body>
</html>
