2912 3985
1404 280 1430 321 4

258 420 308 462 ln
339 434 474 476 quem,
504 419 654 471 fateor,
684 432 767 462 non
798 432 906 474 opus
937 423 1028 462 erat
1057 422 1106 462 ut
1135 419 1307 463 obtorto
1337 421 1446 464 collo
1467 422 1673 474 traherer,
1702 422 1737 463 si
1758 422 1927 476 quidem
1948 421 2066 462 nulla
2085 435 2271 476 unquam
2292 423 2578 465 admiratione

260 508 466 551 carminis
493 521 559 550 me
588 507 729 562 abripi
757 506 955 562 patiebar
984 511 1027 549 et
1055 506 1109 549 ab
1131 508 1340 551 Ovidiana
1369 523 1497 564 quam
1525 509 1588 552 illi
1618 523 1763 553 crassa
1793 510 1982 552 Minerva
2011 509 2326 565 deprehendere
2355 512 2438 553 sibi
2466 512 2580 553 vide-

260 596 415 638 bantur
445 595 653 650 elegantia
681 607 852 637 carmen
881 598 1073 637 nostrum
1104 596 1255 637 mirum
1294 601 1499 651 quantum
1534 597 1695 639 distare
1733 597 1850 640 nullo
1893 611 1976 639 non
2005 601 2197 652 tempore
2228 598 2491 640 statuebam:
2521 598 2583 641 ita

261 683 400 727 omnia
428 683 482 726 ad
513 696 687 726 auream
713 682 834 726 illam
865 682 1045 726 Nasonis
1074 684 1314 725 ubertatem
1342 687 1385 725 et
1414 684 1633 740 limpidam
1661 689 1709 727 ut
1736 686 1799 727 ita
1827 686 1965 726 dicam
1992 688 2259 726 venustatem
2289 684 2447 728 collata
2488 701 2576 728 sor-

258 774 358 814 dent
386 775 429 814 et
451 772 609 826 jacent,
638 771 701 814 ita
728 784 817 826 prae
851 772 1049 814 dictionis
1081 772 1307 815 luminibus
1328 773 1479 828 quibus
1511 787 1699 816 summus
1719 779 1847 829 poeta
1867 787 1945 815 sua
1964 773 2159 814 distinxit
2189 772 2352 826 pallent
2371 774 2413 815 in
2434 777 2580 816 nostro

256 861 320 903 vel
339 860 443 903 scite
464 863 614 903 etcum
635 859 827 902 acumine
848 859 963 902 dicta
982 859 1197 915 pleraque,
1217 860 1280 904 ita
1299 874 1387 916 prae
1407 864 1550 903 nativa
1580 861 1735 917 ingenii
1760 861 1962 904 felicitate
1991 865 2033 903 et
2061 861 2266 902 facilitate
2294 875 2379 915 qua
2405 862 2579 903 Ovidius

256 954 298 992 et
317 954 364 992 ut
384 950 561 1003 quisque
581 949 619 991 ei
639 949 857 1004 proximus
877 952 942 991 est
969 949 1179 992 excellunt
1199 950 1304 993 artis
1324 951 1409 992 sive
1437 950 1579 1005 potius
1599 950 1849 992 imitationis
1869 963 2003 1004 neque
2022 949 2234 991 interdum
2255 963 2339 991 non
2370 950 2580 1005 operosisâ€”

257 1040 374 1081 simae
404 1043 446 1080 et
474 1038 786 1081 molestissimae
814 1038 991 1093 vestigia
1022 1042 1242 1093 apparent.
1300 1040 1356 1081 At
1384 1039 1505 1093 longe
1534 1038 1620 1081 alia
1652 1041 1716 1081 est
1744 1052 1812 1081 res
1841 1039 1876 1081 si
1904 1039 1958 1081 ab
1988 1039 2102 1080 omni
2135 1039 2454 1094 comparatione
2483 1054 2576 1082 cum

256 1128 524 1182 antiquitatis
553 1129 752 1184 operibus
782 1130 1028 1172 discesseris
1066 1133 1342 1183 nostrumque
1383 1128 1447 1170 sui
1477 1128 1681 1183 temporis
1710 1128 1880 1172 modulo
1916 1128 2122 1170 metiaris.
2180 1126 2265 1170 Ubi
2295 1128 2579 1171 confitendum

256 1220 321 1256 est
351 1218 566 1257 auctorem
597 1220 639 1257 et
668 1218 793 1258 metri
830 1218 1009 1258 scientia
1038 1221 1080 1258 et
1114 1231 1308 1257 versuum
1337 1216 1655 1269 pangendorum
1686 1221 1778 1258 arte
1808 1221 1850 1258 et
1877 1231 1974 1259 vero
2004 1215 2132 1258 etiam
2163 1215 2220 1269 (si
2251 1229 2278 1258 a
2305 1217 2457 1271 paucis
2488 1217 2580 1272 qui-

256 1302 437 1345 busdam
479 1317 557 1346 nec
594 1318 695 1347 sane
722 1305 944 1347 levissimis
979 1304 1194 1355 discedas)
1242 1305 1446 1346 sermonis
1481 1305 1670 1358 puritate
1699 1305 1804 1347 satis
1834 1305 2104 1359 conspicuum
2134 1317 2235 1347 esse.
2295 1303 2440 1360 Neque
2469 1304 2578 1347 enim

263 1392 375 1446 quod
404 1404 527 1433 versu
556 1393 634 1434 375

419 1493 549 1534 regna
576 1480 665 1520 deae
692 1480 867 1522 immitis
906 1494 1034 1533 parce
1070 1482 1241 1522 irritare
1270 1480 1484 1535 querendo

254 1568 504 1610 vocabulum
544 1568 675 1610 iambi
718 1568 838 1622 pedis
881 1581 1078 1609 mensura
1108 1568 1460 1623 comprehensum
1491 1581 1585 1610 cum
1616 1567 1807 1623 subjecta
1835 1567 1971 1609 vocali
1999 1567 2235 1610 coalescere
2259 1568 2408 1622 jussit,
2437 1569 2579 1611 insciti

255 1659 318 1697 est
359 1658 496 1711 poetae
539 1659 771 1698 metrumve
814 1655 1069 1710 ignorantis,
1114 1656 1149 1696 si
1192 1655 1258 1697 vel
1301 1656 1481 1697 maxime
1524 1669 1668 1697 verum
1715 1658 1826 1697 esset
1869 1654 1984 1709 quod
2012 1654 2307 1696 Lachmannus
2342 1654 2583 1697 observavit

255 1743 449 1785 Ovidium
478 1743 532 1785 ab
561 1743 643 1785 hoc
673 1743 936 1786 coalescendi
958 1757 1109 1796 genere
1130 1756 1221 1785 sese
1250 1742 1524 1795 continuisse3
1556 1746 1598 1784 et
1626 1742 1767 1785 nescio
1796 1757 1850 1784 an
1881 1757 1963 1785 non
1991 1743 2115 1784 unico
2146 1742 2219 1784 illo
2251 1743 2441 1798 exemplo
2470 1743 2579 1786 hanc

256 1831 338 1873 sibi
368 1832 584 1873 licentiam
613 1835 758 1874 noster
785 1831 1024 1884 indulserit,
1055 1831 1129 1874 sed
1160 1835 1203 1874 et
1231 1831 1379 1883 altero,
1410 1844 1576 1873 versum
1608 1831 1703 1873 dico
1732 1830 1813 1873 349

416 1919 619 1974 imposuit
646 1922 689 1962 te
719 1919 808 1962 alto
838 1919 1029 1962 Fortuna
1057 1919 1280 1973 locumque
1308 1918 1418 1960 tueri

413 2005 541 2061 jussit
570 2006 824 2048 honoratum

254 2093 328 2137 ubi
356 2098 432 2137 aut
459 2094 583 2137 valde
612 2093 740 2137 fallor
784 2098 859 2136 aut
888 2097 1114 2137 structurae
1152 2094 1414 2137 concinnitas
1445 2093 1656 2149 postulat:
1696 2094 1897 2148 imposuit
1925 2098 1968 2135 te
2007 2095 2094 2136 alto
2124 2094 2315 2137 Fortuna
2340 2096 2423 2137 Ioco
2450 2094 2576 2137 hunc-

254 2196 335 2236 que
363 2183 474 2224 tueri
502 2196 618 2237 seqq.
675 2182 911 2224 Permirum
941 2186 1033 2234 est,
1078 2181 1276 2224 Ottonem
1306 2182 1541 2237 Gruppium
1572 2195 1665 2223 cum
1706 2196 1846 2224 rerum
1885 2184 2069 2225 omnium
2104 2198 2197 2238 quae
2226 2184 2364 2239 pulcri
2394 2183 2577 2237 quodam

254 2285 380 2313 sensu
406 2272 699 2326 percipiuntur
727 2274 818 2313 tum
848 2271 1029 2313 maxime
1056 2271 1321 2325 poeticarum
1351 2270 1657 2324 elegantiarum
1686 2269 1893 2312 arbitrum
1924 2269 2042 2312 haud
2064 2272 2428 2323 contemnendum,
2453 2276 2568 2326 post-

238 2340 382 2414 'quam
425 2363 468 2400 et
497 2359 599 2401 alibi
629 2363 672 2401 et
705 2359 805 2400 libri
842 2360 909 2401 cui
945 2358 1176 2413 inscriptus
1216 2362 1281 2400 est
1322 2357 1459 2400 Minos
1498 2372 1592 2413 pag.
1623 2359 1704 2401 494
1733 2360 1968 2402 rationibus
1998 2359 2175 2414 Hauptii
2205 2358 2578 2401 obsecundandum

254 2461 346 2490 esse
385 2449 583 2503 scripsit,
622 2447 865 2502 nuperrime
903 2446 1092 2501 Hauptio
1129 2451 1172 2489 et
1208 2461 1310 2489 vero
1354 2448 1482 2489 etiam
1523 2447 1602 2489 sibi
1631 2447 1713 2502 ipsi
1742 2447 2030 2491 adversarium
2059 2448 2271 2490 exstitisse
2300 2448 2344 2489 in
2369 2447 2478 2489 libro
2508 2448 2575 2489 cui

254 2539 394 2581 Aeaco
425 2537 574 2579 titulus
604 2539 670 2578 est
701 2536 817 2591 (vide
845 2551 885 2591 p.
921 2538 998 2578 156
1028 2538 1181 2591 seqq).
1247 2536 1296 2578 ld
1326 2536 1440 2591 quod
1471 2550 1519 2577 eo
1549 2535 1685 2591 magis
1714 2537 1864 2578 mirum
1895 2536 2021 2578 debet
2049 2536 2182 2577 videri
2212 2535 2326 2590 quod
2357 2535 2573 2589 Gruppius

253 2626 297 2668 in
324 2625 435 2668 libro
466 2626 519 2667 de
539 2625 787 2667 Latinorum
818 2626 954 2678 elegia
981 2638 1002 2665 c
1034 2626 1225 2679 nscripto
1258 2631 1316 2678 (p.
1338 2624 1438 2675 389)
1467 2625 1645 2666 ulterius
1674 2638 1918 2678 progressus
1947 2626 2040 2679 ipso
2078 2639 2202 2679 quem
2230 2637 2342 2667 nunc
2372 2623 2577 2677 inpugnat

253 2714 442 2771 Hauptio
483 2713 612 2758 etiam
651 2713 833 2757 disticha
861 2714 936 2756 illa
965 2639 1059 2769 q<12ae
1089 2717 1189 2755 sunt
1230 2713 1282 2755 de
1312 2713 1555 2755 Maecenatis
1594 2717 1730 2754 morte
1767 2712 1983 2755 contendit
2028 2713 2082 2755 ab
2120 2716 2295 2754 auctore
2325 2710 2466 2752 nescio
2495 2723 2577 2764 quo

253 2805 466 2847 neoterico
507 2803 703 2858 prosecta
745 2817 849 2847 esse.
928 2802 975 2845 In
1007 2803 1245 2846 universum
1276 2806 1397 2845 tanta
1426 2802 1641 2858 Gruppius
1669 2803 1711 2843 in
1739 2801 1849 2844 libro
1878 2802 2118 2856 nuperrime
2147 2801 2262 2842 edito
2290 2801 2510 2854 grassatur
2536 2798 2580 2840 in

252 2893 408 2935 bonum
424 2892 649 2935 Horatium
676 2892 873 2945 licentia,
915 2891 1118 2944 secando,
1157 2891 1342 2944 urendo,
1380 2903 1473 2933 cum
1513 2890 1705 2947 pessimis
1743 2890 1904 2945 optima
1932 2903 2109 2945 quaeque
2139 2887 2404 2943 extirpando,
2431 2891 2480 2927 ut
2508 2887 2580 2939 qui

251 2992 346 3022 eum
374 2980 584 3022 audiverit
621 2981 673 3022 de
701 2981 946 3036 Hauptiana
986 2981 1121 3023 nostri
1163 2979 1363 3022 carminis
1403 2979 1500 3021 crisi
1530 2982 1774 3034 querentem
1803 2991 1886 3020 non
1915 2979 2050 3033 possit
2077 2992 2160 3019 non
2190 2976 2404 3018 recordari
2436 2974 2578 3015 Hora-

252 3069 359 3111 tiani
387 3069 523 3110 illius:
564 3069 659 3123 quis
686 3069 833 3111 tulerit
861 3069 1079 3111 Gracchos
1124 3068 1177 3110 de
1210 3067 1416 3110 seditione
1451 3066 1705 3122 querentes?
1741 3065 1827 3107 Nec
1864 3079 1962 3107 vero
2001 3078 2051 3108 eo
2090 3077 2223 3119 usque
2260 3064 2507 3119 progredior
2533 3067 2581 3104 ut

252 3169 348 3197 cum
365 3156 552 3198 Luciano
569 3157 776 3198 Muellero
806 3158 957 3208 dicamâ·
994 3158 1066 3211 qui
1096 3160 1247 3198 contra
1275 3156 1450 3210 Hauptii
1495 3156 1681 3198 rationes
1721 3154 1877 3197 sentiat
1914 3168 2009 3197 eum
2039 3153 2145 3196 nihil
2174 3152 2344 3205 sentire,
2370 3165 2448 3193 nec
2475 3165 2581 3207 opus

251 3246 345 3287 erat
362 3247 411 3286 ut
431 3244 647 3299 Gruppius
666 3242 791 3286 huius
820 3242 1026 3296 hominis,
1058 3243 1309 3287 Muellerum
1339 3244 1446 3296 dicO,
1477 3243 1723 3285 auctoritati
1753 3242 1818 3284 vel
1837 3241 2052 3284 tantillum
2080 3238 2352 3281 tribuendum
2380 3242 2580 3282 censeret.

248 3331 314 3374 Ea
333 3335 398 3374 est
420 3332 529 3374 enim
548 3330 754 3385 Muelleriâ€š
784 3331 968 3375 hominis
999 3331 1053 3375 ad
1072 3331 1376 3375 diffamandam
1396 3330 1706 3388 philologorum
1727 3331 2036 3373 humanitatem
2056 3328 2160 3381 nati,
2179 3326 2344 3369 indoles
2373 3331 2422 3369 ut
2449 3340 2578 3381 quum
