2912 3985
1434 222 1486 263 22

441 364 486 408 C.
516 364 636 417 XIII,
664 379 702 408 v.
735 365 797 407 13.
856 364 973 407 Nam
1010 364 1194 418 Crispus
1227 365 1307 408 iste
1344 369 1385 407 et
1411 364 1706 411 Marcellus..
1727 400 1736 409 .
1760 400 1769 408 .
1807 365 1911 419 quid
1947 365 2099 410 nahem
2132 365 2180 408 in
2212 364 2291 409 hae
2326 377 2410 409 sua
2440 366 2618 416 fortuna

271 453 682 507 concupiscendum?
707 453 819 507 quod
846 453 992 495 timent
1018 468 1076 495 an
1106 454 1216 507 quod
1243 454 1480 497 timentur?
1506 453 1617 508 quod
1643 467 1738 498 eum
1764 453 1949 509 quotidie
1976 452 2143 508 aliquid
2168 455 2377 509 rogentur,
2405 452 2443 496 ii
2460 452 2618 509 quibus

268 543 600 597 preestant****
627 541 945 597 indiqnantur?
978 543 1089 596 quod
1114 542 1303 596 adliqati
1332 543 1447 585 omni
1475 543 1718 586 adulatione
1744 556 1817 586 nec
1837 541 2136 596 imperantibis
2162 554 2349 596 unquam
2366 540 2478 584 satis
2503 541 2618 584 servi

270 630 470 675 videntur
496 642 570 672 nec
595 629 719 673 nobis
746 630 857 672 satis
887 629 1048 672 liberi?
1098 630 1256 675 Sensus
1291 632 1456 687 flagitat
1498 635 1573 673 aut
1602 631 1719 687 quod
1747 629 1916 685 Lipsius
1943 629 2166 684 proposuit
2194 639 2269 673 non
2295 632 2509 681 praestant
2536 632 2614 671 aut

276 719 413 764 simile
454 719 616 775 aliquid
631 753 642 771 ‚
671 732 771 763 nam
814 719 929 774 quod
970 719 1203 764 Michaelis
1245 723 1372 776 putat
1412 719 1567 774 quibus
1586 720 1815 773 praestant
1832 716 2015 771 perinde
2039 719 2079 758 et
2105 716 2259 770 quibus
2285 728 2369 760 non
2389 719 2615 770 praestant

282 807 477 852 Tacitum
506 807 594 851 fere
624 807 843 862 scripsisse
872 819 918 851 re
945 807 1042 863 ipsa
1068 807 1336 864 reprobatur.
1394 807 1505 859 Quid
1536 807 1646 849 enim
1674 807 1949 861 indignentur
1976 806 2130 860 quibus
2158 805 2354 847 advocati
2381 805 2615 861 praestant?

281 895 489 951 Equidem
517 908 544 939 a
571 895 780 952 scriptore
807 895 1044 951 profectum
1064 908 1158 939 esse
1185 895 1392 939 arbitror:
1422 894 1576 950 quibus
1604 897 1811 950 praestare
1828 896 1996 949 neqant,
2022 896 2114 936 tum
2132 897 2349 949 postrema
2366 894 2496 936 verba
2514 906 2617 936 casu

280 984 465 1038 quodam
497 986 541 1025 et
568 983 740 1038 quidem
769 983 942 1025 minime
970 981 1214 1037 prodigioso
1242 983 1286 1024 in
1316 995 1445 1023 unum
1474 981 1557 1023 isse
1586 980 1782 1024 conflata.
1840 980 1928 1024 Nec
1953 980 2191 1036 suspicione
2219 984 2337 1025 caret
2363 981 2477 1025 omni
2505 981 2612 1025 adu·

277 1070 431 1113 latione
449 1085 544 1127 quae
567 1071 778 1115 Waltheri
806 1074 872 1115 est
899 1084 977 1126 pro
1007 1071 1130 1116 codd.
1164 1071 1345 1114 lectione
1374 1084 1467 1114 cum
1504 1068 1759 1114 emendatio.
1816 1069 1924 1113 Nam
1964 1082 2100 1124 neque
2127 1081 2283 1113 canum
2310 1070 2425 1125 quod
2454 1068 2613 1113 Haasio

277 1161 427 1213 visum,
455 1176 593 1217 neque
620 1161 773 1205 humili
801 1162 917 1217 quod
947 1160 1210 1215 Schultingio
1236 1159 1411 1216 placuit,
1440 1173 1468 1202 a
1495 1158 1659 1202 tradita
1687 1159 1899 1213 scriptura
1930 1158 2095 1213 longius
2113 1156 2328 1201 recedunt.
2358 1157 2449 1213 Ego
2468 1172 2612 1202 verum

277 1261 370 1292 esse
398 1250 585 1293 arbitror
614 1251 729 1305 quod
757 1251 950 1305 proxime
978 1250 1034 1291 ad
1063 1249 1182 1291 illam
1211 1248 1377 1291 accedit
1406 1248 1626 1290 communi.

442 1337 547 1382 lbid.
566 1351 604 1382 v.
624 1337 690 1381 20.
737 1336 812 1381 Me
839 1349 933 1381 vero
953 1371 961 1380 .
981 1370 1014 1380 ..
1035 1336 1191 1380 Musae
1219 1340 1414 1379 remotum
1443 1350 1471 1377 a
1501 1335 1839 1378 sollicitudinibus
1868 1339 1905 1378 et
1933 1337 2043 1378 curis
2059 1369 2067 1377 .
2084 1368 2092 1377 .
2109 1368 2118 1377 .
2146 1336 2191 1376 in
2220 1336 2303 1377 ista
2327 1348 2452 1377 sacra
2479 1335 2604 1377 istas-

277 1440 357 1479 que
384 1426 550 1479 frondis
579 1427 736 1480 ferant,
766 1439 837 1469 nec
866 1428 1063 1468 insanum
1091 1425 1203 1468 ultra
1233 1429 1270 1468 et
1298 1426 1495 1467 lubricum
1525 1427 1663 1479 forum
1697 1426 1939 1479 famamque
1963 1424 2178 1478 palantem
2197 1425 2381 1477 trepidus
2400 1426 2604 1477 experior.

278 1513 397 1556 Haec
426 1529 450 1557 e
478 1514 656 1569 Hauptii
684 1516 928 1570 conjectura
953 1514 1175 1556 Michaelis
1204 1527 1283 1569 pro
1312 1513 1523 1556 communi
1550 1513 1673 1556 codd.
1702 1513 1883 1557 lectione
1922 1515 2102 1565 istosque
2142 1512 2347 1566 (illosque)
2385 1513 2519 1566 fontes
2569 1514 2614 1554 in

274 1605 438 1644 textum
465 1602 639 1658 recepit.
696 1602 814 1653 Quae
843 1603 881 1644 si
908 1616 1010 1644 vera
1038 1606 1104 1644 est
1130 1601 1268 1657 (quod
1296 1601 1419 1645 valde
1448 1601 1618 1654 dubito)
1646 1616 1698 1645 ne
1738 1615 1861 1645 sacra
1902 1602 2073 1657 quidem
2111 1615 2196 1645 non
2235 1605 2405 1656 praeter
2447 1614 2607 1644 morem

275 1688 392 1731 dicta
416 1693 527 1732 sunt.
585 1689 872 1745 Exspectatur
899 1690 1012 1732 enim
1040 1689 1144 1741 loci,
1173 1690 1248 1732 ubi
1275 1691 1506 1745 gignuntur
1533 1691 1729 1743 frondes,
1759 1692 1919 1733 mentio
1947 1694 1996 1733 ut
2024 1690 2233 1733 efficiatur
2267 1690 2404 1746 figura
2443 1692 2522 1733 τοῦ
2559 1681 2609 1732 ἓν

277 1775 352 1820 διά
382 1775 520 1830 δυοῖν,
550 1777 666 1821 velut
694 1777 865 1821 arbores
894 1780 931 1821 et
959 1777 1130 1831 frondes
1159 1791 1238 1834 pro
1267 1779 1464 1821 arborum
1492 1778 1672 1833 frondes.
1730 1778 1930 1821 Putidum
1960 1779 2071 1822 enim
2109 1781 2264 1821 sonant
2300 1778 2470 1832 frondes
2508 1791 2605 1820 cum

276 1869 411 1909 saeris
441 1867 667 1923 copulatae
694 1871 739 1911 et
765 1868 810 1911 in
838 1882 968 1912 unam
998 1869 1123 1923 quasi
1151 1868 1366 1912 notionem
1395 1867 1624 1921 conflatae,
1667 1867 1824 1924 quippe
1852 1867 2007 1924 quibus
2043 1867 2183 1911 verbis
2211 1866 2319 1910 nihil
2351 1867 2463 1911 inest
2490 1879 2606 1911 com-

275 1956 414 1996 munis
443 1956 779 1998 necessitudinis.
835 1957 971 2010 Igitur
1001 1959 1100 1998 istos
1127 1960 1171 1998 et
1198 1959 1279 1998 ista
1308 1957 1560 2011 pronomina
1589 1957 1671 2003 (ita
1697 1958 1829 2008 enim,
1874 1971 1957 2001 non
1985 1957 2076 2000 illos
2106 1957 2345 2012 legendum)
2387 1970 2517 2011 quum
2554 1969 2606 1998 ex

274 2041 438 2097 vulgari
462 2043 538 2086 illa
565 2047 754 2100 notaque
784 2044 953 2087 dicendi
982 2043 1286 2087 consuetudine
1314 2044 1431 2087 dicta
1459 2048 1578 2096 sunt,
1607 2045 1663 2087 ad
1692 2044 1813 2087 sedes
1840 2058 1986 2088 sacras
2015 2044 2218 2100 lucosque
2246 2047 2347 2087 sunt
2365 2042 2601 2086 reserenda

273 2142 455 2184 quorum
484 2130 549 2173 bis
577 2131 695 2173 sacta
733 2135 799 2174 est
842 2133 1002 2175 mentio
1032 2133 1129 2185 (IX,
1160 2147 1196 2174 v.
1218 2133 1272 2175 37
1301 2137 1344 2175 et
1373 2132 1475 2183 XII,
1498 2134 1554 2187 7).
1610 2132 1747 2187 Igitur
1787 2135 1931 2176 nescio
1974 2148 2030 2175 an
2076 2133 2357 2188 probabiliter
2399 2132 2601 2187 conjicias

273 2221 373 2273 post
397 2232 522 2261 sacra
550 2223 728 2275 propter
754 2220 931 2264 ultimae
958 2222 1253 2276 repetitionem
1292 2234 1420 2277 quam
1459 2221 1799 2277 ὁμοιοτέλευτον
1839 2222 1986 2264 dicunt
2021 2222 2230 2265 excidisse
2266 2234 2448 2264 nemora.
2505 2220 2603 2262 Jam

274 2320 374 2349 vero
404 2320 536 2361 quum
563 2321 782 2351 nemorum
811 2308 1074 2363 sontiumque
1103 2309 1346 2352 arctissima
1369 2309 1439 2362 sit,
1468 2323 1546 2352 nec
1574 2310 1689 2365 apud
1717 2309 1892 2354 Latinos
1920 2309 2071 2361 solum,
2097 2309 2354 2365 conjunctio,
2378 2321 2464 2352 non
2482 2306 2605 2350 video

275 2407 352 2437 cur
379 2399 552 2450 praeter
583 2398 879 2440 necessitatem
916 2397 1088 2441 frondes
1129 2398 1317 2442 fontibus
1358 2398 1678 2442 substituamus.
1735 2397 2014 2441 scribendum
2054 2398 2185 2452 igitur
2227 2397 2395 2439 videtur
2435 2398 2480 2438 in
2521 2396 2605 2437 ista

274 2497 400 2527 sacra
429 2498 597 2528 nemora
626 2486 807 2539 istosque
834 2485 968 2540 fontes
996 2486 1155 2540 ferant,
1185 2486 1259 2531 ubi
1287 2488 1331 2529 in
1360 2487 1684 2543 praepositioni,
1728 2486 1785 2530 ad
1812 2486 1951 2530 fontes
1978 2485 2160 2539 relatae,
2198 2485 2320 2528 venia
2348 2485 2393 2527 ni
2420 2484 2547 2527 fallor
2575 2495 2603 2525 a

273 2576 493 2629 zeugmate
520 2577 676 2629 parata
705 2577 783 2627 est,
810 2578 859 2618 ut
886 2578 1053 2619 taceam
1085 2577 1293 2620 »eandem
1321 2576 1490 2620 dicendi
1529 2577 1738 2620 rationem
1778 2575 1948 2632 saepius
1987 2575 2103 2632 apud
2132 2574 2327 2618 Tacitum
2366 2573 2600 2630 exprimere

274 2662 334 2704 ad
359 2665 403 2703 et
428 2664 473 2702 in
501 2662 875 2717 praepositiones«
908 2663 1034 2715 (conf.
1055 2663 1264 2705 Boettich.
1284 2665 1328 2706 in
1357 2664 1437 2706 lex.
1458 2663 1592 2706 Tacit.
1612 2678 1652 2719 p.
1674 2664 1721 2707 21
1755 2663 1949 2719 plurimis
1986 2663 2098 2707 hanc
2124 2676 2215 2706 rem
2254 2661 2457 2717 exemplis
2497 2660 2593 2704 illu-

274 2752 516 2804 strantem).
573 2750 622 2791 In
651 2764 769 2804 seqq.
799 2751 959 2803 famam
978 2750 1197 2803 palantem
1225 2752 1395 2795 suerunt
1423 2752 1496 2807 qui
1523 2752 1567 2795 in
1596 2752 1878 2808 suspicionem
1904 2754 2126 2806 vocarent3
2171 2763 2353 2807 quorum
2381 2747 2602 2793 Michaelis

272 2838 465 2891 fallacem
492 2839 729 2894 proposuit.
785 2838 876 2894 Ego
906 2839 1112 2892 arbitror,
1152 2838 1322 2882 defendi
1348 2852 1473 2895 posse
1500 2839 1749 2894 lectionum,
1792 2839 1994 2895 palantur
2030 2839 2162 2893 enim,
2205 2838 2279 2894 qui
2316 2836 2429 2880 hunc
2474 2838 2600 2882 modo

274 2925 403 2968 modo
445 2924 565 2967 illum
610 2924 751 2968 locum
793 2925 970 2979 adeunt,
1012 2930 1062 2969 ut
1102 2926 1218 2969 fama
1259 2926 1427 2970 dicatur
1467 2927 1604 2983 palari
1646 2940 1756 2982 quae
1796 2941 1881 2969 uno
1922 2927 2090 2970 homine
2128 2926 2279 2968 relicto
2321 2925 2378 2968 ad
2419 2926 2601 2970 alterum

274 3014 479 3056 transeat.
539 3013 663 3064 Quod
693 3013 731 3057 si
759 3014 826 3056 cui
865 3015 1057 3068 argutius
1098 3028 1226 3070 quam
1266 3015 1404 3057 verius
1447 3014 1606 3057 dictum
1640 3014 1866 3067 videbitur,
1907 3015 2020 3057 hunc
2061 3013 2267 3056 labantem
2309 3013 2468 3065 famam
2509 3027 2599 3057 am-

276 3100 405 3156 plecti
428 3101 571 3157 jubeo.

440 3190 485 3230 C.
505 3189 595 3240 XV,
616 3188 655 3231 6.
711 3189 993 3243 Maliynitatis
1022 3193 1254 3243 opinionem
1283 3206 1365 3233 non
1393 3192 1603 3234 verebaris
1629 3217 1684 3223 —
1724 3192 1818 3245 quis
1856 3204 1941 3233 non
1982 3191 2099 3232 videt
2138 3204 2166 3232 a
2194 3191 2438 3234 Latinitatis
2475 3197 2600 3249 parte

276 3278 434 3332 optime
461 3293 506 3322 se
534 3280 736 3324 habere?
766 3284 813 3322 at
841 3294 868 3323 a
894 3281 1059 3323 tradita
1086 3281 1208 3323 codd.
1228 3281 1409 3322 lectione
1433 3293 1518 3322 non
1554 3282 1677 3332 item,
1721 3281 1879 3334 quippe
1907 3292 2087 3334 quorum
2126 3277 2278 3332 optimi
2314 3278 2509 3333 malignis
2544 3280 2598 3323 iis
