2912 3985
1440 187 1490 228 17

468 328 613 373 Metus
641 329 723 372 hoc
751 342 877 372 sensu
906 343 1005 372 num
1035 330 1090 374 ab
1118 335 1293 375 auctore
1321 337 1468 376 nostro
1495 334 1603 375 satis
1630 333 1762 375 latine
1790 333 1875 375 dici
1902 332 2092 388 potuerit
2119 331 2288 384 dubito,
2315 332 2444 375 immo
2457 365 2467 383 ,
2503 335 2552 374 ut
2576 331 2621 373 in

306 414 510 470 Scyllaeis
536 417 671 467 saxis,
701 430 771 461 res
799 417 915 473 ipsa,
943 417 1056 461 nude
1083 418 1247 474 posita,
1277 420 1437 476 requiri
1461 420 1629 462 videtur
1655 420 2010 474 scribendumque
2039 420 2076 461 si
2104 420 2206 473 quid
2234 419 2357 462 video

468 505 743 560 Cyaneosque
759 506 908 560 fretus
935 506 997 557 (h.
1018 521 1054 549 e.
1074 506 1204 558 freta)
1227 508 1319 564 jam
1345 508 1534 564 reliquia
1558 510 1678 554 ratis.

305 590 449 647 Pergit
475 598 623 649 poeta:

467 681 544 724 His
571 684 629 733 te,
658 681 894 734 Maecenas,
921 683 1186 729 iuvenescere
1212 699 1337 741 posse
1364 686 1545 729 dicebat.

521 769 638 812 Haec
665 770 828 813 utinam
856 770 980 814 nobis
1009 772 1235 814 Colchidos
1263 771 1399 814 herba
1425 773 1549 814 foret.

461 856 671 899 Redditur
698 858 920 902 arboribus
947 859 1102 902 florens
1130 860 1410 903 revirentibus
1438 864 1606 903 aestas:

516 944 635 999 Eryo
663 959 748 988 non
775 947 935 990 homini
962 948 1076 1002 quod
1104 948 1187 990 fuit
1213 952 1313 991 ante
1340 928 1486 991 redit?

298 1032 455 1076 Sensus
483 1030 752 1086 planissimus
769 1065 779 1085 ,
808 1033 882 1075 sed
922 1034 1041 1077 labes
1068 1035 1179 1076 inest
1210 1035 1350 1078 versui
1374 1039 1608 1090 postremo3
1644 1036 1807 1091 quippe
1835 1034 1955 1077 deest
1983 1048 2135 1077 nomen
2162 1047 2247 1089 quo
2275 1034 2483 1077 referatur
2512 1047 2614 1088 pro-

245 1169 247 1171 ,
298 1134 449 1165 nomen
489 1120 713 1165 relativum
750 1122 871 1176 quod,
900 1123 969 1167 vix
996 1123 1107 1167 enim
1135 1123 1337 1167 credibile
1365 1127 1430 1167 est
1448 1123 1713 1166 enuntiatum
1731 1123 1838 1165 illud
1858 1122 1969 1178 quod
1982 1123 2080 1178 fuit
2106 1125 2217 1175 ante,
2243 1125 2414 1178 poetam
2431 1122 2615 1178 sanecti

296 1210 429 1254 vicem
467 1210 660 1253 obtinere
693 1211 873 1254 voluisse
917 1211 986 1253 cui
1027 1211 1168 1254 dicere
1195 1210 1316 1253 licuit
1342 1224 1452 1265 quae,
1495 1210 1657 1253 scilicet
1691 1214 1831 1255 aestas.
1889 1211 2029 1253 Sensit
2057 1211 2138 1253 hoc
2166 1211 2306 1265 ipsum
2334 1210 2385 1252 N.
2415 1211 2631 1273 Heinsius¹

296 1301 550 1357 scripsitque
575 1301 788 1355 ingeniose
814 1314 886 1342 ver
911 1314 988 1342 cur
1011 1313 1094 1342 non
1121 1299 1281 1343 homini
1310 1314 1443 1354 seqq„
1470 1303 1699 1355 praeeunte
1721 1300 1981 1355 ,particulam
2000 1313 2078 1342 cur
2097 1304 2336 1343 correctore
2355 1300 2533 1343 Aldinae
2554 1298 2612 1344 11.

296 1390 354 1430 At
381 1388 577 1444 displicet
603 1389 648 1430 in
675 1388 837 1431 Heinsii
864 1388 1044 1431 lectione
1071 1389 1181 1442 quod
1196 1389 1294 1443 fuit
1316 1392 1413 1431 ante
1439 1392 1588 1443 utpote
1615 1402 1698 1431 non
1728 1389 1854 1431 modo
1883 1401 2190 1443 supervacuum
2227 1387 2301 1430 sed
2338 1387 2402 1430 vel
2430 1390 2612 1433 maxime

295 1476 559 1531 languidum,
592 1481 642 1518 ut
674 1477 709 1519 si
740 1477 963 1519 vernacule
987 1477 1147 1519 diceres
1179 1476 1280 1518 »der
1307 1476 1477 1519 friihere
1506 1475 1747 1531 Fruhling«.
1804 1475 1954 1531 Itaque
1982 1475 2173 1530 suspicer
2201 1476 2492 1530 corrigendum
2522 1491 2615 1522 esse

461 1565 591 1607 robur
619 1578 702 1607 non
732 1564 902 1618 homini,
931 1565 1043 1618 quod
1055 1565 1153 1620 fuit
1179 1567 1288 1617 ante,
1317 1564 1431 1608 redit
1446 1566 1467 1605 ‘?

460 1740 509 1780 In
536 1739 674 1781 altera
711 1753 821 1793 quae
849 1739 983 1781 fertur
1013 1740 1269 1781 Maecenatis
1297 1740 1433 1793 elegia
1460 1741 1497 1781 si
1531 1741 1643 1782 tanti
1671 1744 1738 1782 est
1765 1741 1928 1794 aliquid
1957 1741 2166 1795 suspicari
2194 1765 2245 1771 —
2274 1754 2456 1794 namque
2483 1740 2610 1783 nullis

293 1842 429 1883 neque
458 1827 656 1870 dictionis
683 1841 820 1882 neque
848 1827 1152 1870 sententiarum
1185 1827 1413 1870 virtutibus
1442 1828 1599 1871 eminet
1625 1841 1763 1883 neque
1788 1841 1970 1882 usquam
2004 1828 2060 1870 ad
2088 1827 2288 1870 carminis
2320 1840 2417 1871 vere
2435 1827 2610 1883 elegiaci

292 1913 560 1957 altitudinem
590 1912 775 1968 assurgit
801 1937 855 1943 —
874 1925 957 1955 non
983 1911 1248 1955 diffitendum
1277 1917 1343 1956 est
1371 1912 1594 1957 Ribbeckii
1623 1914 1830 1957 rationem
1859 1928 1945 1969 qua
1970 1914 2044 1957 ille
2070 1928 2216 1958 versus
2245 1915 2407 1958 23—26
2439 1916 2536 1970 »qui
2566 1915 2612 1957 in

292 2003 495 2058 singulari
519 2003 723 2047 schedula
746 2003 882 2047 additi
911 2007 1011 2046 sunt
1028 2004 1174 2047 eadem
1195 2018 1323 2047 manu
1351 2018 1438 2060 qua
1465 2004 1699 2048 antecentis
1718 2003 1877 2058 elegiae
1905 2018 1944 2050 v.
1963 2003 2039 2047 123
2059 2016 2146 2058 seq.
2167 2003 2210 2046 in
2226 2003 2354 2049 Brux.
2373 2002 2491 2047 cod«
2512 2007 2612 2060 post

290 2107 327 2135 v.
351 2093 403 2135 12
431 2094 623 2146 inseruit,
653 2108 737 2136 non
764 2107 849 2135 uno
877 2093 1045 2136 nomine
1074 2093 1373 2136 commendari.
1431 2093 1696 2147 Quamquam
1717 2092 1841 2135 velim
1861 2091 2028 2147 planius
2049 2091 2264 2134 docuisset
2291 2090 2416 2134 Ribb.
2436 2090 2504 2133 cui
2521 2091 2611 2135 sint

288 2179 383 2224 loco
411 2180 548 2224 additi
574 2180 629 2224 ab
658 2180 795 2224 altera
821 2180 897 2223 illa
924 2194 1071 2234 manu;
1107 2194 1289 2236 namque
1319 2181 1595 2236 transpositio
1637 2181 1673 2223 si
1712 2193 1740 2223 a
1777 2180 1935 2223 codicis
1978 2179 2198 2223 cuiusdam
2238 2180 2451 2236 scriptura
2493 2183 2610 2222 esset

289 2269 454 2312 munita
496 2269 630 2313 multo
671 2270 802 2314 tutior
844 2274 957 2313 esset
997 2283 1079 2313 res.
1137 2268 1229 2313 Hoc
1263 2283 1363 2313 vero
1397 2282 1476 2325 pro
1512 2272 1628 2312 certo
1670 2267 1968 2312 affirmaverim
1984 2302 1995 2322 ,
2023 2268 2068 2312 in
2095 2282 2132 2312 v.
2153 2268 2208 2312 24
2249 2268 2388 2313 labem
2424 2269 2608 2312 traxisse

288 2358 536 2401 orationem.
603 2359 836 2401 Audiamus
866 2363 1035 2413 poetam
1063 2358 1162 2400 inde
1195 2372 1223 2400 a
1248 2372 1285 2401 v.
1319 2359 1381 2401 1¹.
1410 2370 1463 2399 ex
1490 2355 1614 2401 Ribb.
1645 2356 1746 2400 edit.

454 2447 536 2489 »mi
563 2451 706 2489 tamen
734 2446 815 2489 hoc
843 2446 949 2489 satis
975 2449 1064 2489 est:
1093 2446 1191 2494 vixi,
1218 2449 1275 2497 te,
1305 2445 1476 2497 Caesar,
1504 2445 1640 2488 amico

450 2539 494 2577 et
521 2536 702 2578 morior«
734 2535 854 2587 dixit,
886 2536 1012 2577 »dum
1041 2536 1296 2589 moriorque,
1326 2534 1432 2576 satis

449 2622 685 2679 exemplum
713 2622 798 2666 vixi
826 2626 869 2666 te
896 2626 1073 2683 propter
1101 2622 1228 2665 molle
1256 2622 1383 2675 beati,

451 2724 564 2754 unus
592 2710 816 2754 Maecenas
844 2714 972 2766 teque
1000 2724 1077 2766 ego
1105 2715 1280 2767 propter
1308 2724 1435 2754 eram.

284 2798 571 2842 Maecenatem
600 2803 769 2842 constat
797 2799 981 2843 molliori
1006 2801 1118 2842 vitae
1144 2800 1288 2854 generi
1314 2800 1539 2844 indulsisse
1566 2802 1693 2857 (conf.
1712 2802 1842 2857 prior.
1873 2801 1974 2856 eleg.
2003 2815 2040 2844 v.
2062 2801 2116 2842 20
2143 2801 2277 2855 seqq.)
2314 2802 2357 2841 et
2396 2800 2453 2841 ad
2480 2800 2603 2843 luxu-

289 2886 397 2929 riam
426 2886 558 2930 fuisse
586 2888 903 2943 propensiorem
926 2888 1056 2943 idque
1081 2889 1219 2943 ipsum
1248 2891 1395 2931 nostro
1422 2889 1516 2932 loco
1544 2889 1609 2932 ita
1634 2893 1808 2932 excusat
1835 2892 1884 2931 ut
1911 2890 2099 2944 Augusto
2125 2891 2292 2945 gratum
2318 2901 2365 2930 se
2393 2887 2605 2932 facturum

283 2975 520 3018 instituisse
561 2975 686 3018 dicat.
756 2976 813 3018 Et
847 2976 957 3019 beati
992 2977 1184 3031 quidem,
1220 2990 1330 3031 quae
1366 2980 1432 3019 est
1469 2978 1668 3021 Salmasii
1705 2977 1911 3020 correctio
1953 2991 1975 3019 e
2009 2977 2202 3020 codicum
2232 2975 2447 3031 scriptura
2474 2976 2603 3032 beate,

281 3067 398 3106 recte
425 3077 471 3105 se
499 3063 657 3106 habere
684 3064 851 3106 videtur
878 3064 1093 3118 habetque
1112 3078 1139 3105 a
1157 3077 1427 3106 numerorum
1455 3064 1622 3107 ratione
1650 3079 1734 3107 non
1763 3065 1956 3120 exiguam
1984 3064 2414 3117 commendationem,
2444 3065 2603 3120 quippe

281 3152 624 3208 perincommode
653 3152 710 3193 ad
737 3165 861 3194 aures
890 3153 1063 3194 caderet
1089 3152 1427 3207 ὁμοιοτέλευτον
1453 3153 1495 3195 in
1523 3152 1606 3196 fine
1648 3154 1903 3208 pentametri
1939 3167 2085 3196 versus
2125 3153 2244 3196 molle
2286 3152 2413 3195 beate.
2486 3152 2606 3204 Quae

283 3253 383 3284 vero
411 3239 602 3295 sequitur
629 3253 710 3283 vox
738 3253 852 3283 unus
880 3241 934 3292 (v.
954 3240 1030 3289 24)
1059 3241 1221 3296 majore
1248 3239 1420 3283 laborat
1446 3241 1701 3296 corruptela,
1730 3242 2123 3297 emendandumque

2194 3330 2220 3372 3
