2912 3985
1418 60 1474 110 26

1352 135 1538 150 W

290 220 408 263 num,
442 205 600 265 quippe
633 220 719 264 quo
756 205 871 252 idem
906 206 996 253 fere
1032 210 1220 262 notatur,
1249 208 1366 265 quod
1393 205 1668 265 sequentibus
1695 206 1920 265 adjectivis
1945 218 2155 264 amomis
2180 211 2479 256 eteoatmaoe
2505 208 2608 256 vitio

291 298 332 343 ei
359 295 501 346 datur.
530 321 585 330 —

457 385 566 432 Ibid.
595 402 632 431 v.
667 387 727 432 ¹5.
786 387 975 443 Quarum
1001 388 1222 433 civitatum
1249 387 1619 443 (Lacedaemonia
1647 391 1691 432 et
1718 383 1951 443 Cretensis)
1990 387 2260 432 sever-issima
2300 388 2534 445 disciplina
2570 394 2611 434 et

293 478 571 523 severissima
597 477 706 533 leqes
732 476 972 521 traduntur.
1030 477 1110 522 Vix
1138 478 1376 535 putaverim
1404 477 1611 532 Tacitum,
1639 477 1999 535 religiosissimum
2017 477 2177 535 quippe
2203 478 2469 536 scriptorem,
2496 479 2615 525 banc·

294 566 481 624 ejusdem
510 566 688 624 epitheti
712 567 1008 624 repetitionem
1035 567 1281 621 admisisse,
1317 567 1385 610 cui
1422 567 1562 611 dicere
1599 567 1767 611 licuerit
1792 566 1922 612 verbo
1949 580 2035 623 quo
2061 567 2225 612 nullum
2252 567 2311 612 ad
2338 567 2605 614 Lacedaemo·

291 656 471 699 niorium
491 668 631 698 mores
658 654 940 711 designandos
966 654 1276 710 frequentatius
1304 655 1602 699 austerissima
1629 654 1860 710 disciplina
1886 668 1961 699 seu
1988 656 2121 699 mavis
2148 656 2455 700 austerissime
2481 656 2603 713 leues.

457 744 502 788 C.
531 743 639 787 XLI.
668 744 761 787 init.
843 743 916 787 Sic
951 756 1109 798 quoque
1143 743 1254 799 quod
1288 747 1481 798 superest
1514 743 1705 798 antiqvais
1743 744 1984 787 oratoribus
2009 744 2108 799 fori
2137 756 2221 787 non
2264 744 2491 788 emandatoe
2530 757 2612 800 nee->

290 844 421 885 usque
449 831 507 875 acl
533 834 673 875 votum
700 832 922 885 conpositae
948 832 1137 875 civitatis
1163 835 1456 886 arqumentum
1480 835 1552 874 est.
1608 830 1723 884 Quid
1747 831 1899 874 enim?
1923 830 2034 885 quod
2058 844 2175 874 nemo
2201 845 2280 874 nos
2307 831 2486 875 advocat
2511 832 2604 875 nisi

291 922 368 963 aut
393 931 545 963 nocens
572 922 649 968 aut
675 918 808 962 miser
822 953 833 964 .
863 919 973 974 quod
998 919 1280 973 municipium
1309 919 1357 962 iu
1394 917 1626 962 clientelam
1659 921 1851 962 uestram
1883 918 2030 962 veuit?
2048 952 2058 962 .
2077 952 2086 961 .
2107 953 2116 962 .
2161 918 2298 973 Quam
2337 918 2608 973 provinciam

291 1011 457 1053 tioevnur
471 1007 497 1050 ἓ
518 1043 526 1052 .
551 1042 559 1051 .
585 1043 594 1051 .
661 1006 834 1051 Tacitus
863 1012 971 1059 (seu
998 1008 1141 1064 potius
1169 1007 1423 1065 Maternus)
1453 1011 1682 1064 postquam
1709 1007 2016 1052 demonstravit
2031 1043 2042 1062 ‚
2070 1007 2356 1064 eloquentiam
2382 1022 2478 1064 quse
2505 1022 2604 1054 vere

286 1099 350 1141 ita
377 1097 546 1140 dicatur
573 1110 662 1139 rem
692 1096 881 1151 quietam
909 1099 954 1139 et
979 1100 1179 1151 pacatam
1207 1110 1292 1140 non
1319 1097 1423 1153 pati,
1452 1111 1586 1152 eoque
1614 1096 1796 1140 existere
1823 1097 2111 1151 valentiorem,
2138 1112 2222 1154 quo
2250 1111 2431 1154 quaeque
2457 1097 2608 1142 civitas

290 1184 516 1230 discordiis
545 1188 589 1227 et
616 1183 958 1228 contentionibus
987 1184 1120 1240 magis
1149 1184 1206 1227 sit
1234 1184 1410 1239 agitata,
1438 1198 1580 1229 rerum
1608 1199 1790 1242 quoque,
1818 1190 1868 1231 ut
1884 1200 1965 1243 par
1983 1191 2060 1241 est,
2088 1187 2375 1232 Romanarum
2404 1187 2606 1234 meminit.

288 1275 385 1319 Jam
412 1287 512 1317 vero
541 1286 637 1328 quae
665 1272 770 1317 dicit
796 1273 907 1328 quod
931 1277 1123 1327 superest
1151 1273 1343 1328 antiquis
1369 1274 1636 1318 orationibus
1653 1275 1752 1329 sori
1780 1276 2002 1331 scriptoris
2021 1290 2192 1319 manum
2210 1275 2369 1320 referre
2395 1290 2483 1320 non
2502 1276 2608 1319 mibi

286 1364 493 1406 videntur.
552 1362 709 1413 Quales
738 1363 850 1405 enim
879 1375 1023 1417 quaeso
1052 1363 1217 1417 antiqui
1246 1367 1346 1405 sunt
1373 1364 1591 1406 oratores?
1645 1363 1739 1407 Non
1774 1368 1876 1406 sunt
1902 1364 2083 1419 antiqui,
2108 1364 2183 1407 sed
2210 1364 2395 1418 fuerunt,
2423 1377 2503 1408 nec
2530 1378 2607 1408 su-

282 1463 455 1507 peresse
494 1454 673 1506 possunt
711 1450 877 1505 antiqui
918 1449 1110 1492 homines
1153 1453 1173 1504 (
1184 1451 1266 1492 nisi
1308 1451 1383 1506 qui
1422 1450 1601 1505 figurate
1640 1450 1873 1504 dicuntur),
1902 1455 2130 1506 supersunt
2158 1463 2211 1493 ex
2237 1451 2495 1506 antiquitate
2521 1465 2605 1494 res·

283 1540 436 1596 Itaque
464 1540 652 1584 arbitror
675 1540 946 1584 scribendum
974 1541 1039 1583 sie
1066 1554 1223 1595 quoque
1249 1541 1361 1595 quod
1386 1544 1577 1594 superest
1617 1552 1667 1584 ex
1704 1538 1897 1593 antiquis
1926 1538 2147 1582 rationibus
2173 1539 2276 1589 fori.
2332 1535 2386 1580 In
2413 1538 2606 1593 proxime

281 1627 554 1684 sequentibus
583 1643 670 1683 qua
698 1627 833 1671 utitur
862 1627 1048 1683 scriptor
1075 1626 1420 1682 interrogationis
1448 1625 1586 1669 forma
1612 1625 1864 1669 documento
1893 1628 1979 1677 est,
2021 1623 2153 1668 fuisse
2191 1623 2441 1679 simpliciter
2496 1624 2606 1678 Quis

278 1718 390 1761 enim
429 1730 507 1761 nos
549 1716 726 1760 advocat
739 1716 764 1759 ,9
804 1730 934 1772 quam
970 1717 1107 1772 ipsam
1145 1716 1326 1758 formam
1361 1714 1528 1759 codices
1557 1714 1641 1758 duo
1669 1714 1792 1758 bonae
1820 1717 1932 1757 notae
1975 1714 2031 1768 (C
2055 1714 2116 1765 D)
2159 1714 2377 1770 praebent.
2434 1712 2605 1758 Scilicet

279 1810 518 1849 ceterorum
562 1805 714 1858 lectio,
743 1819 821 1847 nec
849 1806 945 1860 ipsa
972 1804 1054 1846 sibi
1083 1809 1308 1859 constans,
1336 1819 1389 1847 ex
1429 1805 1572 1861 glossa
1604 1818 1732 1860 quam
1774 1803 1922 1846 dicunt
1965 1809 2031 1846 est
2058 1808 2155 1846 orta
2169 1836 2180 1857 ‚
2223 1806 2280 1846 ad
2308 1803 2603 1859 explicandam

276 1895 397 1937 illam
424 1895 772 1951 interrogationis
799 1895 984 1950 speciem
1013 1893 1254 1935 simulatam
1284 1894 1419 1948 magis
1448 1906 1576 1949 quam
1605 1905 1749 1934 veram
1781 1892 1848 1934 vel
1882 1892 2062 1947 margini
2098 1892 2317 1947 adscripta
2343 1891 2410 1933 vel
2431 1894 2602 1933 contex-

277 1983 340 2026 tui
365 1983 671 2039 superscripta.
730 1982 902 2025 Scilicet
929 1984 1023 2025 erat
1050 1981 1147 2035 quis
1175 1981 1320 2024 enim?
1347 1981 1476 2036 [idem
1502 1981 1612 2035 quod
1639 1980 1784 2035 nemo]
