2912 3985
1381 197 1430 238 21

254 341 427 383 levitate
448 343 583 397 jaculi
611 348 686 384 aut
707 345 829 398 Jactu
863 344 981 394 disci,
1010 343 1066 385 ab
1085 342 1308 385 auditoriis
1327 346 1372 384 et
1388 342 1589 393 theatris)
1619 347 1795 396 excepto
1815 342 1989 394 ultimo,
2024 341 2141 396 quod
2171 342 2432 396 tripartitum
2459 344 2571 384 stru·

250 427 363 471 xisse
389 429 639 486 scriptorem
675 430 771 485 quis
798 429 976 473 credat?
1031 429 1248 473 Taciteam
1275 430 1320 471 in
1346 428 1621 471 antithesium
1649 432 1694 471 et
1721 428 2014 484 oppositorum
2041 427 2330 483 aequabilitate
2359 442 2566 471 summam

253 516 512 573 diligentiam
553 519 838 563 consideranti
865 531 934 562 res
961 531 1137 575 prorsus
1175 517 1448 561 incredibilis.
1504 518 1698 572 Accedit,
1727 518 1843 574 quod
1878 518 2005 574 juxta
2031 518 2184 573 sorum
2227 520 2272 561 et
2296 531 2396 559 vera
2418 517 2574 570 proelia

254 617 429 660 prorsus
455 606 607 661 putida
634 610 698 649 est
724 618 954 650 causarum
982 606 1151 649 mentio.
1207 605 1343 661 Igitur
1361 606 1521 659 causis,
1549 609 1698 661 utpote
1724 606 1993 661 glossemate,
2022 607 2170 661 ejectis
2189 605 2458 648 scribendum
2478 607 2569 648 sine

257 690 386 736 dubio
419 693 466 737 in
481 693 634 749 forum
662 697 702 737 et
728 692 787 737 ad
814 706 911 736 vera
933 692 1093 747 proelia
1119 706 1226 737 voco.

419 781 464 825 G.
493 780 545 834 X,
572 796 609 823 v.
637 781 703 824 43.
749 780 886 823 Nobis
914 781 1027 824 satis
1053 782 1114 824 sit
1137 782 1334 834 privatas
1361 785 1400 823 et
1425 782 1564 823 nostri
1591 782 1735 824 soeculi
1763 782 2070 824 controversias
2098 782 2207 823 tueri
2236 782 2282 823 in
2309 782 2465 835 quibus
2501 795 2570 824 ex-

251 869 424 921 pressis
452 869 494 911 si
525 870 690 923 quando
713 881 880 911 neeesse
908 869 968 911 sit
985 882 1070 922 pro
1089 869 1359 922 periclitante
1386 869 1521 911 amico
1541 869 1825 922 potentiorum
1851 883 1980 912 aures
2008 869 2211 923 offendere
2237 873 2277 912 et
2297 870 2482 923 probata
2515 871 2576 912 sit

245 956 365 1011 fides
393 960 432 999 et
458 957 633 1000 libertas
660 960 872 1000 excusata.
931 957 1065 999 Fuere
1093 957 1166 1012 qui
1203 956 1428 1000 haererent
1453 957 1497 999 in
1524 958 1742 1011 expressis
1770 957 2080 1008 controversiis,
2109 969 2187 999 nec
2213 958 2388 1013 injuria,
2417 958 2576 1012 quippe

257 1057 351 1100 quse
392 1045 551 1089 locutio
594 1049 641 1086 ut
683 1059 759 1100 per
800 1059 846 1087 se
888 1045 1026 1100 ipsam
1065 1045 1121 1087 ab
1164 1059 1242 1087 usu
1277 1058 1362 1088 non
1390 1045 1709 1088 commendatur
1736 1046 1800 1087 ita
1828 1045 2065 1100 suspectior
2091 1045 2141 1087 fit
2168 1059 2217 1088 eo
2245 1046 2361 1100 quod
2385 1045 2577 1101 syntaxis

256 1132 531 1189 gerundivum
572 1131 859 1187 exprimendis
897 1131 1121 1176 desiderat.
1192 1132 1442 1188 Quanquam
1491 1122 1596 1176 nihil
1634 1131 1856 1189 proficitur
1895 1131 2102 1189 ejiciendo
2148 1133 2284 1189 (quod
2323 1133 2573 1175 Heumanno

254 1221 437 1276 placuit)
465 1236 543 1263 nec
570 1222 704 1277 magis
731 1223 955 1263 inserendo
983 1221 1097 1276 quod
1126 1222 1333 1263 excidisse
1359 1222 1493 1264 videri
1519 1221 1658 1276 possit
1684 1221 1883 1277 quodque
1910 1221 2075 1277 egregie
2103 1221 2158 1264 ad
2186 1221 2439 1265 sententiam
2469 1221 2574 1264 facit

255 1309 396 1352 verbis
436 1310 754 1364 probabilitatis
790 1315 992 1364 punctum
1027 1322 1150 1351 omne
1186 1310 1311 1351 feras.
1368 1309 1452 1351 Pro
1481 1314 1696 1361 expressis
1724 1313 1865 1352 autem
1895 1310 2036 1352 verbis
2064 1310 2211 1363 quidni
2238 1309 2439 1353 adverbio
2467 1310 2576 1353 satis

254 1398 414 1440 usitato
442 1402 485 1440 et
511 1399 566 1440 ad
595 1398 848 1440 sententiam
877 1398 1097 1454 aptissimo
1124 1412 1322 1451 expresse
1350 1398 1521 1439 Tacitus
1548 1412 1651 1440 usus
1678 1399 1834 1440 fuerit?
1900 1399 1949 1439 ln
1991 1399 2058 1440 his
2091 1404 2204 1440 certe
2243 1399 2288 1439 in
2322 1397 2476 1451 quibus
2504 1411 2573 1439 ex-

248 1497 401 1539 presse
429 1485 471 1527 si
498 1485 663 1539 quando
693 1498 858 1528 necesse
886 1486 945 1527 sit
964 1499 1048 1539 pro
1068 1487 1341 1538 periclitante
1368 1486 1502 1528 amieo
1514 1487 1796 1539 potentiorum
1814 1501 1941 1528 aures
1959 1488 2165 1541 offendere
2191 1501 2273 1529 non
2293 1486 2419 1528 modo
2438 1486 2572 1527 offen-

255 1571 414 1616 sionem
444 1572 601 1615 nullam
633 1572 762 1616 habet
790 1573 1079 1628 hyperbaton,
1108 1573 1182 1617 sed
1212 1574 1248 1616 si
1276 1574 1377 1629 quid
1407 1573 1528 1616 video
1558 1587 1754 1628 magnam
1784 1574 2203 1615 commendationem.
2486 1552 2489 1555 ⁵

423 1659 466 1703 C.
495 1658 591 1713 XII,
619 1674 656 1703 v.
688 1660 723 1704 7.
781 1658 884 1704 Haee
910 1659 1149 1716 eloquentioe
1167 1661 1435 1716 primordia,
1469 1661 1555 1705 hoee
1576 1662 1830 1716 penetralia3
1870 1662 1943 1704 hoc
1968 1662 2163 1715 primum
2194 1662 2340 1703 habita
2381 1662 2573 1715 cultuque

256 1749 472 1791 commoda
499 1749 747 1792 mortalibus
774 1749 820 1792 in
847 1750 935 1792 ista
962 1753 1083 1793 casta
1110 1753 1149 1793 et
1174 1750 1306 1794 nullis
1335 1754 1524 1794 contacta
1551 1750 1672 1793 vitiis
1690 1753 1866 1803 pectora
1894 1749 2077 1804 influxit.
2135 1749 2279 1791 Sermo
2303 1752 2368 1791 est
2386 1748 2439 1791 de
2458 1748 2576 1805 poesi

256 1837 391 1879 omnis
420 1836 672 1892 eloquentiae
699 1837 816 1881 sonte
845 1842 974 1893 atque
1000 1839 1173 1893 origine,
1204 1853 1312 1882 verae
1342 1840 1504 1883 scilicet
1532 1842 1575 1881 et
1603 1838 1794 1894 placidae,
1824 1851 1908 1880 non
1937 1838 2184 1880 recentioris
2210 1837 2323 1879 illius
2350 1842 2392 1879 et
2411 1838 2576 1894 sangui:

255 1925 410 1969 nantis
467 1928 567 1969 Haec
595 1925 667 1981 qui
696 1926 908 1970 commoda
940 1926 1192 1970 mortalibus
1232 1927 1317 1970 dici
1345 1926 1481 1983 possit
1511 1939 1595 1969 non
1624 1939 1846 1982 assequor,
1899 1926 2013 1981 quod
2052 1926 2164 1968 idem
2204 1925 2407 1968 accidisse
2454 1927 2578 1969 video

259 2013 429 2056 Mureto
451 2014 736 2057 commendata
757 2014 1009 2070 conjicienti.
1067 2014 1202 2058 Multo
1222 2020 1364 2057 autem
1392 2013 1569 2071 propius
1597 2013 1719 2057 abest
1743 2016 1786 2056 et
1813 2026 1840 2055 a
1869 2014 2092 2068 scripturae
2111 2014 2295 2068 vestigiis
2313 2018 2356 2055 et
2374 2027 2401 2055 a
2428 2027 2576 2055 sensus

254 2101 501 2156 integritate
520 2102 777 2146 commodata
805 2102 1089 2159 participium,
1110 2103 1148 2145 si
1176 2103 1349 2158 quidem
1378 2102 1555 2146 deorum
1585 2101 1708 2156 quasi
1728 2114 1900 2144 munere
1922 2100 2182 2144 mortalibus
2192 2102 2235 2143 in
2253 2100 2422 2144 sedibus
2441 2101 2576 2145 sacris

255 2191 408 2246 obtigit
435 2191 687 2246 eloquentia.
745 2191 822 2233 De>
836 2206 920 2246 quo
946 2191 1075 2234 verbo
1095 2191 1202 2234 conf.
1223 2190 1405 2234 Bottich.
1423 2191 1503 2233 lex.
1522 2190 1656 2236 Tacit.
1675 2203 1707 2232 s.
1728 2204 1783 2231 v.:
1817 2189 1965 2244 »Apud
1994 2188 2102 2231 alios
2130 2188 2257 2231 etiam
2284 2188 2409 2245 hujus
2427 2190 2569 2232 aetatis

258 2278 489 2334 scriptores
517 2278 776 2321 commodare
803 2278 963 2320 amittit
991 2268 1248 2333 peculiarem
1276 2277 1627 2331 significationem
1642 2310 1677 2317 ..
1701 2309 1709 2316 .
1731 2310 1739 2317 .
1769 2276 1814 2316 in
1840 2275 2081 2317 universum
2109 2275 2242 2330 magis
2281 2276 2575 2330 accipiendum

259 2379 339 2422 pro
370 2366 585 2419 adhibere,
612 2368 722 2410 dare.
747 2367 793 2410 V.
813 2368 1006 2422 exempla
1034 2369 1147 2423 apud
1169 2366 1371 2410 ForcelL«
1417 2366 1660 2421 Sequuntur
1688 2368 1901 2419 corrupta,
1930 2379 1966 2407 v.
1992 2366 2054 2415 17,
2083 2378 2154 2407 nec
2181 2364 2282 2406 ullis
2300 2368 2376 2407 aut
2389 2365 2533 2419 qloria
2549 2366 2577 2418 †

255 2454 491 2495 more****
518 2459 595 2496 aut
620 2456 843 2509 augustior
869 2455 1011 2509 honor,
1041 2456 1116 2498 ubi
1143 2459 1242 2511 post
1268 2468 1383 2498 more
1406 2454 1449 2497 in
1478 2454 1583 2509 ipsis
1613 2453 1735 2496 codd.
1763 2452 1918 2495 lacuna
1945 2456 2013 2494 est
2026 2453 2225 2495 indicata.
2274 2452 2329 2493 Et
2346 2452 2382 2493 J.
2405 2452 2574 2508 Lipsius

257 2540 430 2594 quidem
464 2541 633 2596 praeivit
671 2541 810 2584 maior
826 2576 836 2594 ,
872 2556 957 2596 quo
998 2542 1113 2584 sacto
1151 2542 1343 2597 quamvis
1386 2542 1626 2585 emendatio
1655 2553 1682 2583 a
1709 2539 2013 2595 probabilitate
2040 2540 2220 2584 maxime
2247 2540 2577 2595 commendetur,

256 2626 420 2669 locunae
452 2629 637 2682 spatium
668 2629 732 2671 vel
761 2630 909 2671 addito
940 2634 1033 2671 erat
1058 2644 1141 2671 non
1168 2629 1381 2683 expletur,
1400 2633 1449 2669 ut
1468 2627 1737 2670 scribendum
1766 2627 1962 2670 videatur
1987 2628 2127 2682 yloria
2145 2628 2282 2670 maior
2299 2628 2573 2682 continqebat.

422 2715 528 2758 ibid.
558 2731 596 2760 v.
617 2718 681 2759 22.
748 2716 819 2758 Vel
844 2718 885 2758 si
916 2717 1002 2759 hcec
1018 2717 1225 2772 fabulosa
1252 2718 1385 2759 nimis
1413 2722 1451 2759 et
1487 2718 1702 2770 conposita
1727 2717 1933 2768 videntur,
1963 2717 2081 2759 istud
2109 2721 2214 2760 certe
2242 2716 2348 2758 mihi
2366 2717 2573 2770 concedis,

259 2802 393 2856 Aper,
422 2816 504 2845 nen
532 2806 733 2846 minorem
762 2804 956 2846 honorem
983 2804 1165 2846 Homero
1205 2819 1331 2859 qaam
1372 2805 1643 2848 Demostheni
1671 2806 1788 2858 apud
1803 2810 2014 2859 posteros,
2040 2820 2113 2849 nec
2141 2805 2461 2860 augustioribus
2489 2809 2574 2847 ter-

255 2891 388 2934 minis
406 2893 582 2947 samam
609 2893 844 2948 Euripidis
872 2896 948 2936 aut
972 2893 1188 2947 Sophoclis
1216 2907 1340 2947 quam
1376 2893 1523 2949 Lysioe
1558 2899 1634 2937 aut
1666 2895 1904 2950 Hyperidis
1940 2896 2109 2938 includi.
2177 2896 2338 2938 Prioris
2374 2896 2575 2952 apodosis

256 2978 430 3021 verbum
461 2993 563 3023 casu
591 2983 776 3036 quodam
804 2982 1085 3037 interceptum
1112 2995 1203 3025 esse
1231 2985 1276 3024 et
1303 2982 1471 3025 dicendi
1499 2983 1801 3025 consuetudine
1826 2984 2033 3025 evincitur
2060 2987 2103 3025 et
2120 2996 2218 3025 vero
2248 2982 2377 3025 etiam
2396 2985 2574 3028 alterius

259 3065 496 3120 apodoseos
525 3068 661 3119 (cuius
688 3069 751 3111 rei
778 3068 1175 3112 observantissimus
1204 3073 1270 3112 est
1297 3068 1491 3123 Tacitus)
1520 3070 1729 3126 parilitas.
1787 3070 1920 3122 Quale
1953 3071 2083 3115 fuerit
2109 3075 2152 3115 et
2170 3083 2254 3126 quo
2272 3071 2368 3115 loco
2387 3073 2575 3118 inseren-

256 3154 373 3207 dum,
403 3153 518 3199 haud
545 3157 756 3205 definiam.
813 3159 878 3200 An
905 3160 1001 3201 ‘non
1042 3158 1243 3200 minorem
1282 3157 1476 3200 honorem
1518 3159 1659 3203 haberi
1688 3160 1906 3203 Homero?
1949 3160 2091 3204 Possis
2118 3174 2308 3215 quoque:
2352 3173 2436 3204 non
2471 3163 2574 3206 min.

256 3242 450 3286 honorem
476 3242 657 3286 Homero
686 3257 813 3309 quam
840 3243 1112 3288 Demostheni
1139 3245 1270 3290 tribui.
