2912 3985
1478 253 1528 293 12

492 406 586 449 Hoc
613 406 715 461 quid
743 406 819 460 sit,
847 419 932 450 non
960 418 1184 461 assequor;
1212 405 1434 448 laudarem

493 494 704 537 carnificis
732 498 898 537 maesto
918 495 1020 548 jure
1047 492 1284 536 domandus
1312 493 1405 535 erit.
1426 518 1478 524 -—
1499 491 1730 548 Sequentia
1747 494 1848 538 inde
1866 509 1893 539 a
1910 509 2035 539 versu
2054 496 2135 540 282
2152 497 2330 542 turbata
2353 503 2454 542 sunt
2475 503 2518 543 et
2535 500 2659 545 foede

326 585 498 647 luxata,
530 585 603 627 sed
633 586 791 639 optime
819 585 863 626 in
894 585 1085 627 ordinem
1115 584 1295 626 redeunt
1324 587 1368 625 et
1395 583 1677 637 pulcherrime
1705 584 1938 627 decurrunt
1963 583 2236 639 transpositis
2256 584 2422 629 duobus
2443 587 2657 642 versibus,

327 674 411 718 hoc
437 675 582 717 modo:

493 762 573 804 285
605 776 732 816 quam
763 776 897 818 parvo
927 776 1123 805 numeros
1151 762 1342 816 implevit
1369 762 1575 817 principis
1602 775 1723 809 aevo,

599 851 643 893 in
672 851 857 906 patriam
888 851 1050 894 meritis
1079 850 1363 905 occubuitque
1392 864 1530 893 senex.

599 952 677 983 nec
707 953 787 983 sua
815 939 1049 996 conspiciet
1076 939 1300 990 (miserum
1329 944 1413 994 me)
1443 953 1618 982 munera
1651 940 1833 992 Drusus,

601 1043 678 1072 nec
703 1043 781 1072 sua
808 1043 914 1086 prae
940 1029 1090 1085 templi
1119 1030 1290 1072 nomina
1320 1029 1459 1071 fronte
1488 1029 1609 1085 leget.

486 1117 567 1162 283
601 1120 723 1163 adice
751 1119 958 1165 Ledaeos.
991 1118 1220 1162 concordia
1248 1117 1407 1170 sidera,
1437 1118 1591 1160 fratres

488 1207 570 1250 284
597 1207 845 1263 templaque
876 1209 1067 1251 Romano
1096 1207 1396 1263 conspicienda
1424 1207 1517 1248 foro

486 1295 568 1337 289
597 1308 724 1349 saepe
754 1295 868 1337 Nero
896 1296 1157 1337 illacrimans
1189 1295 1401 1336 submissa
1429 1309 1530 1337 voce
1559 1295 1755 1349 loquetur

597 1396 705 1426 »cur
734 1383 842 1426 adeo
873 1382 1029 1425 fratres
1059 1382 1141 1426 heu
1172 1383 1262 1425 sine
1295 1382 1429 1425 fratre
1458 1383 1620 1425 deos‘?«

491 1470 628 1526 Igitur
657 1487 740 1516 non
770 1476 887 1516 recte
916 1471 1129 1528 Hauptius
1158 1476 1311 1528 poetae
1339 1472 1442 1515 vitio
1471 1472 1600 1514 vertit
1628 1473 1744 1527 quod
1766 1471 1943 1515 librario
1963 1478 2057 1517 erat
2075 1475 2438 1531 exprobrandum,
2466 1491 2545 1520 nec
2563 1479 2651 1521 scio

318 1573 372 1604 an
401 1562 511 1604 idem
539 1561 751 1602 immerito
780 1564 950 1616 poetam
982 1560 1303 1614 reprehenderit
1330 1561 1442 1614 quod
1476 1560 1612 1600 minus
1641 1560 1805 1600 scilicet
1833 1560 1965 1602 latine
1993 1563 2037 1602 in
2066 1564 2355 1616 comparando
2384 1564 2526 1607 Liviae
2555 1579 2651 1608 cum

319 1648 643 1693 Andromachae
674 1648 955 1701 Euadnesque
985 1648 1131 1690 dolore
1162 1647 1316 1689 dixerit
1343 1661 1379 1689 ν.
1402 1647 1481 1688 319
1507 1650 1550 1689 et
1569 1646 1668 1689 321:

481 1737 562 1780 hoc
590 1738 671 1779 fuit
701 1736 1015 1787 Andromache,
1046 1749 1139 1777 cum
1170 1736 1234 1776 vir
1262 1736 1465 1788 religatus
1494 1737 1549 1777 ad
1578 1750 1768 1779 axem

480 1826 560 1868 boc
587 1826 668 1866 suit
696 1825 874 1866 Euadne
902 1828 1021 1875 cett.;
1065 1838 1247 1877 namque
1283 1825 1325 1866 in
1364 1828 1564 1878 promptu
1605 1829 1670 1867 est
1710 1827 1896 1868 scribere
1936 1830 2070 1881 (quod
2109 1836 2301 1874 nostrum
2344 1835 2494 1879 secisse
2523 1838 2645 1880 arbi-

312 1918 421 1972 tror)
450 1916 551 1960 llaec
579 1916 660 1959 fuit
689 1916 1004 1968 Andromache,
1047 1916 1146 1957 haec
1186 1916 1212 1954 t'.
1237 1916 1279 1953 Ε.
1301 1915 1474 1954 :talis
1534 1916 1615 1954 Sed
1660 1917 1800 1954 missis
1842 1917 2070 1959 levioribus
2112 1935 2196 1961 non
2238 1925 2384 1977 paucis
2428 1926 2545 1968 lubet
2587 1929 2645 1968 ad

312 2003 438 2049 finem
466 2017 721 2062 properare.
751 2015 1011 2060 quamquam
1041 2003 1083 2044 in
1111 2007 1361 2044 transcursu
1380 2015 1471 2067 'non
1503 2015 1676 2058 possum
1705 2017 1792 2045 non
1821 2007 2039 2062 paulisper
2067 2009 2286 2052 immorari
2316 2014 2455 2054 versui
2480 2015 2563 2056 404

475 2096 685 2148 tantaque
722 2095 765 2135 et
804 2093 1002 2135 immensi
1036 2091 1231 2134 Caesaris
1270 2092 1359 2133 icta
1393 2091 1561 2144 domus,
1602 2093 1676 2135 ubi
1708 2094 1913 2149 »quidam
1945 2110 1995 2139 ex
2023 2099 2235 2141 veteribus
2272 2101 2419 2143 codd«
2452 2102 2640 2158 (Heius.)

308 2180 516 2235 praebent
544 2179 706 2231 divini,
750 2193 826 2234 ego
856 2193 907 2221 ex
936 2183 1119 2232 utraque
1149 2177 1331 2220 lectione
1360 2178 1544 2221 conflata
1571 2179 1720 2222 invicti
1758 2183 2007 2228 eliciendum
2046 2200 2137 2230 esse
2178 2189 2379 2233 arbitror.
2436 2191 2493 2235 Et
2528 2194 2642 2248 quod

306 2267 399 2321 ipse
427 2268 594 2308 Lucifer
622 2267 781 2308 malum
810 2266 1029 2322 quoddam
1059 2266 1319 2321 portendens
1353 2266 1502 2309 solitas
1535 2268 1779 2312 destituisse
1810 2272 1901 2314 vias
1928 2273 2085 2316 dicitur
2112 2276 2311 2331 nulloque
2348 2281 2636 2334 comparuisse

310 2355 432 2407 orbe,
462 2356 531 2397 vix
560 2355 687 2397 credo
716 2358 888 2411 poetam
917 2369 954 2396 v.
974 2354 1057 2396 409
1087 2353 1309 2407 scripsisse

470 2443 620 2484 sideris
649 2443 741 2484 hoo‘
762 2442 906 2484 obitus
934 2442 1062 2482 terris
1090 2442 1253 2481 instare
1282 2442 1483 2483 monebat

469 2536 513 2573 et
540 2531 673 2585 mergi
702 2530 852 2585 Stygia
879 2529 1021 2571 nobile
1050 2543 1203 2570 numen
1235 2543 1365 2583 aqua,

301 2620 376 2664 sed
400 2619 543 2675 potius
572 2619 781 2662 translate
811 2619 950 2674 ipsum
982 2617 1166 2658 Drusum
1197 2616 1314 2657 sidus
1343 2630 1516 2658 vocasse
1545 2619 1625 2659 ita:

466 2706 618 2750 sideris
648 2706 729 2750 hoc
757 2706 915 2749 obitum
940 2706 1067 2748 terris
1096 2706 1259 2748 instare
1288 2706 1487 2747 monebat

468 2798 511 2839 et
538 2795 672 2850 mergi
702 2794 851 2852 Stygia
878 2794 1020 2838 nobile
1049 2793 1188 2837 lumen
1219 2807 1348 2851 aqua;

299 2899 377 2928 nec
405 2883 508 2927 ferri
538 2884 708 2939 quidem
737 2886 882 2939 potest
910 2896 1063 2926 numen
1093 2882 1207 2938 quod
1237 2883 1334 2926 libri
1362 2884 1589 2940 praebent,
1631 2887 1790 2931 sideris
1818 2902 1917 2932 vero
1947 2895 1990 2933 et
2023 2891 2199 2935 luminis
2235 2894 2383 2938 eadem
2424 2897 2511 2941 fere
2547 2899 2630 2953 vis,

294 2973 408 3016 idem
439 2976 600 3027 tropus.
659 2971 861 3014 Versibus
889 2971 988 3013 inde
1016 2986 1042 3012 a
1071 2971 1147 3012 4¹1
1193 2976 1421 3026 postquam
1450 2972 1665 3016 Tiberium
1709 2977 1978 3030 compellavit
2004 2984 2135 3034 poeta
2169 2996 2316 3026 rursus
2356 2984 2411 3027 ad
2450 2990 2630 3030 matrem

296 3072 525 3103 conversus
552 3060 650 3101 infit
677 3074 714 3101 v.
735 3061 815 3101 417

464 3149 526 3191 Tu
556 3154 700 3192 tamen
729 3163 840 3191 ausa
866 3152 989 3203 potes
1018 3152 1140 3190 tanto
1168 3148 1387 3203 indulgere
1416 3149 1554 3192 dolori

457 3237 622 3293 longius
652 3241 702 3280 ut
728 3237 839 3281 nolis
867 3237 946 3280 keu
973 3236 1085 3279 male
1116 3235 1240 3279 fortis
1269 3236 1348 3287 ali,

291 3325 336 3369 in
364 3325 519 3380 quibus
562 3338 672 3368 ausa
713 3338 839 3368 sensu
883 3337 1053 3367 cassum
1098 3328 1163 3367 est
1206 3337 1341 3379 neque
1379 3324 1545 3368 invenio
1575 3324 1679 3380 quid
1707 3326 1895 3371 scribere
1922 3331 2110 3384 potuerit
2137 3337 2282 3377 noster
2310 3338 2481 3390 praeter
2507 3336 2625 3391 ipsa,-
