2912 3985
1126 739 1223 807 De
1274 739 1468 807 Drusi
1519 742 1823 827 epicedio.

459 1046 648 1115 Elegiam
678 1062 730 1104 de
764 1066 900 1104 morte
930 1062 1057 1103 Drusi
1095 1063 1169 1116 qui
1205 1076 1289 1104 non
1323 1070 1621 1118 praeoccupato
1670 1065 1985 1119 opinationibus
2028 1064 2168 1105 animo
2197 1061 2351 1116 legerit
2380 1072 2637 1115 magnopere

310 1151 457 1193 mirari
484 1164 653 1192 necesse
682 1154 747 1192 est
785 1151 858 1205 qui
886 1150 1046 1192 sactum
1075 1150 1131 1192 sit
1159 1154 1207 1192 ut
1235 1151 1550 1194 duumvirorum
1573 1153 1722 1209 judicii
1749 1152 1960 1208 elegantia
1992 1167 2077 1194 non
2105 1150 2245 1194 minus
2275 1163 2405 1204 quam
2431 1148 2634 1191 interiore

309 1244 497 1283 veterum
524 1239 761 1294 linguarum
791 1238 1027 1293 cognitione
1054 1252 1142 1293 prae
1162 1239 1313 1282 ceteris
1333 1240 1655 1294 conspicuorum
1683 1255 1767 1284 non
1796 1240 1923 1284 modo
1951 1239 2232 1294 suspicionem
2261 1236 2428 1279 nullam
2455 1234 2635 1279 moverit

312 1330 387 1372 sed
415 1343 623 1371 summum
644 1342 862 1370 assensum
882 1328 1048 1380 tulerit,
1077 1342 1255 1383 quorum
1286 1328 1415 1381 alter,
1446 1329 1645 1371 Nicolaus
1674 1329 1898 1381 Heinsius,
1927 1342 2012 1369 non
2041 1326 2253 1369 dubitavit
2281 1340 2450 1368 carmen
2483 1325 2630 1379 »longe

315 1416 713 1472 praestantissimum
746 1429 960 1468 »vocare«,
990 1416 1111 1470 alter,
1140 1416 1187 1459 L.
1214 1417 1259 1462 C.
1283 1417 1577 1471 Valkenarim,
1606 1418 1671 1460 vel
1691 1418 1874 1460 maxime
1905 1417 2196 1472 »majestatem
2211 1414 2468 1457 Romanam«
2510 1413 2552 1455 in
2581 1426 2632 1455 eo

308 1520 487 1560 regnare
509 1503 728 1560 judicavit.
788 1504 900 1555 Quos
930 1518 1013 1559 quo
1042 1504 1213 1548 tandem
1241 1505 1380 1548 animo
1405 1505 1567 1549 laturos
1598 1521 1689 1549 esse
1719 1505 2079 1556 existimabimus,
2109 1504 2145 1547 si
2170 1503 2326 1548 nostris
2361 1501 2624 1558 temporibus

309 1575 488 1634 existere
515 1592 707 1634 viderent
736 1593 809 1647 qui
834 1608 917 1635 non
947 1593 1072 1636 modo
1100 1595 1290 1648 poeticas
1318 1595 1495 1636 virtutes
1522 1599 1690 1637 tantum
1709 1609 1793 1637 non
1813 1609 1957 1637 omues
1998 1595 2052 1636 ab
2078 1595 2153 1635 illo
2181 1594 2299 1636 foetu
2328 1587 2630 1646 abjudicarent

309 1682 384 1724 sed
411 1682 475 1723 vel
504 1694 527 1723 e
563 1682 776 1723 consortio
804 1680 1078 1736 genuinorum
1120 1683 1367 1725 venerandae
1404 1684 1671 1737 antiquitatis
1707 1696 1881 1737 operum
1912 1696 2007 1724 eum
2036 1683 2266 1723 eximerent
2292 1685 2335 1722 et
2363 1680 2420 1721 ad
2447 1677 2623 1720 noviciae

309 1770 529 1826 cujusdam
569 1770 709 1812 aetatis
749 1770 817 1812 his
847 1774 975 1825 atque
1019 1771 1226 1813 similibus
1255 1772 1411 1826 ingenii
1441 1772 1601 1814 lusibus
1629 1772 1888 1826 indulgentis
1924 1770 2158 1826 specimina
2187 1766 2496 1811 detruderent?
2538 1765 2628 1808 Nec

309 1862 452 1901 tamen
495 1857 663 1900 eosdem
703 1871 787 1913 quo
816 1862 939 1900 erant
975 1858 1167 1900 veritatis
1197 1872 1321 1903 sensu
1357 1862 1486 1915 atque
1524 1858 1664 1902 studio
1703 1859 1861 1901 diutius
1891 1858 2096 1914 refragari
2125 1869 2329 1911 suamque
2358 1855 2625 1911 praefractius

309 1946 548 2003 opinionem
591 1946 837 1990 defensuros
876 1961 966 1991 esse
1008 1949 1271 2004 putaverim,
1301 1948 1426 1991 modo
1466 1947 1612 1990 liceret
1644 1947 1697 1990 iis
1727 1951 2073 2002 argumentorum
2103 1947 2187 1988 vim
2216 1949 2344 2000 atque
2372 1943 2623 1998 gravitatem

314 2035 554 2077 examinare
575 2035 727 2089 quibus
744 2040 892 2079 nostra
910 2040 1036 2079 aetate
1056 2036 1280 2079 Mauritius
1299 2036 1509 2091 Hauptius
1523 2037 1734 2090 elegorum
1753 2036 1922 2078 illorum
1947 2041 1989 2076 et
2006 2035 2262 2076 latinitatem
2282 2045 2408 2087 quam
2428 2030 2627 2073 exhibere

313 2122 566 2164 videbantur
584 2123 874 2179 incorruptam
896 2128 938 2166 et
957 2129 1222 2179 praetextam
1243 2125 1543 2179 antiquitatem
1562 2124 1822 2166 labefactare
1842 2136 2067 2177 aggressus
2088 2126 2163 2162 est.
2192 2119 2336 2174 Neque
2355 2118 2392 2159 is
2420 2118 2534 2159 ausis
2554 2133 2627 2159 ex-

310 2211 414 2253 cidit
439 2213 646 2267 quidquid
673 2214 959 2268 obloquantur
988 2215 1141 2269 quibus
1167 2215 1396 2257 temeraria.
1424 2228 1514 2257 esse
1540 2215 1630 2256 visa
1659 2218 1782 2266 sunt⁷
1813 2214 1942 2255 veluti
1973 2212 2153 2253 Adlerus
2181 2212 2226 2252 in
2254 2212 2573 2265 programmate
2602 2222 2630 2249 a

311 2299 575 2343 Bernhardio
604 2307 930 2345 commemorato
959 2302 1056 2344 hist.
1087 2303 1167 2344 litt.
1198 2303 1317 2344 latin.
1346 2317 1389 2358 p.
1420 2303 1502 2344 469
1531 2304 1595 2344 ed.
1625 2302 1695 2344 IV.
1752 2304 1808 2342 At
1836 2301 1917 2342 hoc
1942 2301 2080 2355 ipsum
2103 2300 2217 2354 quod
2238 2299 2334 2340 dico
2354 2298 2513 2339 frustra
2533 2309 2625 2335 esse

311 2388 383 2444 qui
410 2402 489 2445 pro
520 2388 718 2431 carminis
745 2390 958 2444 genuitate
986 2394 1174 2445 pugnent
1202 2405 1339 2434 nonne
1367 2392 1655 2434 temeriarium
1682 2394 1748 2432 est
1777 2391 1867 2445 ejus
1898 2389 2059 2430 dictum
2088 2389 2167 2440 cui,
2197 2387 2312 2442 quod
2342 2387 2500 2439 fateor,
2531 2386 2619 2426 Ad-

311 2477 389 2520 leri
431 2477 663 2541 adversarii
700 2478 1027 2533 disputationem
1061 2458 1147 2533 ⁴per
1186 2480 1518 2535 bibliopolarum
1546 2481 1733 2523 rationes
1763 2480 1900 2521 minus
1929 2478 2173 2521 commodas
2202 2490 2255 2518 ne
2283 2476 2501 2531 acquirere
2530 2475 2624 2529 qui-

313 2565 408 2608 dem
436 2565 588 2609 licuit?
614 2585 616 2587 >
645 2565 815 2609 Scilicet
846 2580 941 2610 vero
968 2567 1135 2610 invento
1165 2571 1207 2610 et
1235 2568 1291 2612 ad
1311 2569 1457 2612 oculos
1478 2569 1591 2624 quod
1620 2568 1766 2611 dicunt
1786 2567 2076 2610 demonstrato
2104 2566 2228 2609 facile
2256 2565 2472 2621 neglegere
2492 2563 2615 2605 nobis

315 2653 506 2697 videmur
534 2667 678 2696 eorum
698 2666 824 2709 posse
843 2658 1089 2710 argumenta
1118 2669 1226 2712 quae,
1255 2661 1352 2700 utut
1376 2657 1481 2701 scite
1511 2662 1552 2701 et
1573 2672 1666 2701 cum
1687 2657 1825 2714 specie
1846 2656 2031 2713 quadam
2050 2655 2242 2699 veritatis
2270 2652 2452 2706 inventa,
2481 2656 2625 2695 tamen

313 2741 368 2783 ad
409 2741 660 2784 sententiam
702 2745 892 2784 nostram
932 2741 1242 2798 infringendam
1285 2760 1369 2788 non
1412 2746 1592 2802 amplius
1635 2747 1775 2789 valere
1817 2749 2005 2801 possunt.
2061 2743 2155 2786 Non
2183 2743 2263 2786 hoc
2292 2742 2385 2784 dico
2408 2774 2418 2794 ‚
2449 2740 2630 2796 Hauptii

311 2828 499 2872 rationes
527 2842 667 2872 omnes
709 2843 1011 2885 usquequaque
1039 2830 1102 2874 ita
1130 2846 1219 2875 esse
1248 2833 1433 2876 munitas
1470 2836 1518 2875 ut
1552 2847 1716 2877 omnem
1746 2833 2048 2877 confutationis
2077 2846 2195 2887 spem
2222 2831 2407 2883 eludant,
2437 2829 2624 2873 concedo

313 2917 469 2960 elevari
505 2917 719 2959 interdum
756 2932 881 2971 posse
920 2920 1015 2962 aliis
1055 2921 1260 2974 oppositis
1289 2914 1590 2976 auctoremque
1626 2924 1825 2965 carminis
1854 2923 2173 2977 qualiscumque
2202 2925 2266 2963 est
2306 2921 2348 2962 in
2377 2917 2631 2975 quibusdam

311 3005 564 3059 reprehendi
605 3019 698 3059 quae
740 3007 912 3048 minime
955 3009 1279 3063 reprehensione
1322 3009 1450 3063 digna
1492 3015 1611 3051 sunt:
1655 3015 1701 3052 at
1736 3012 1917 3065 neglexit
1946 3024 2114 3065 quoque
2143 3010 2352 3064 Hauptius
2381 3012 2424 3049 et
2452 3006 2626 3061 culpare

314 3094 455 3135 omisit
493 3107 586 3148 quae
615 3094 680 3136 vel
709 3095 889 3137 maxime
917 3097 960 3137 in
988 3098 1186 3139 vitiorum
1214 3112 1388 3141 numero
1417 3100 1627 3141 censenda
1655 3103 1778 3141 erant
1788 3116 1798 3150 3
1828 3100 1868 3140 in
1899 3099 2139 3140 universum
2167 3111 2265 3139 vero
2289 3094 2523 3152 judicanti,
2552 3094 2630 3134 ubi

316 3181 358 3222 in
388 3181 565 3235 singulis
593 3196 677 3224 non
706 3183 892 3235 haeseris,
917 3189 1005 3227 tam
1035 3191 1100 3228 est
1128 3188 1217 3242 ejus
1243 3188 1551 3240 argumentatio
1579 3202 1707 3242 quam
1736 3186 1779 3230 e't
1806 3189 1868 3230 rei
1898 3188 2081 3229 metricae
2102 3191 2144 3229 et
2163 3185 2449 3240 grammaticae
2469 3189 2513 3226 et
2531 3197 2632 3226 vero

313 3268 441 3310 etiam
470 3269 658 3310 historiae
686 3273 982 3324 superstruxit,
1012 3273 1068 3314 ad
1083 3274 1424 3327 persuadendum
1453 3279 1556 3329 apta
1582 3280 1625 3317 et
1653 3276 1815 3328 efficax,
1843 3280 1891 3317 ut
1919 3289 2137 3317 assensum
2167 3275 2336 3317 omnino
2366 3277 2634 3327 extorqueat.
