2912 3985
1412 202 1439 243 5

267 353 403 396 multo
430 351 567 394 minus
595 350 749 406 ingenii
765 350 936 394 dotibus
964 364 1091 406 quam
1119 351 1273 406 linguae
1291 351 1517 393 virulentia
1542 365 1790 405 morumque
1818 351 2042 393 insolentia
2068 351 2220 404 valeat,
2249 365 2276 393 a
2298 351 2447 407 judicii
2475 365 2575 395 vero

274 441 488 497 elegantia
515 444 559 483 et
586 439 641 484 ab
671 441 783 484 omni
811 453 965 495 sapore
988 440 1155 496 poetico
1184 440 1336 483 misere
1364 439 1423 481 sit
1450 439 1690 492 destitutus,
1723 443 1868 481 tamen
1894 452 1981 493 qua
2009 442 2074 480 est
2101 438 2251 493 putida
2278 438 2432 493 ingenii
2460 453 2585 482 arro-

266 530 413 585 gantia
457 529 572 572 solus
613 530 694 572 sibi
735 544 883 585 sapere
911 529 1117 572 videatur.
1175 529 1308 581 Quem
1342 530 1386 571 in
1414 527 1679 584 profliganda
1704 527 1904 571 barbarie
1943 528 2124 570 alterum
2161 541 2239 582 pro
2276 527 2345 569 Dii
2376 527 2581 570 Achillem

265 640 318 646 —
346 618 382 659 is
411 617 526 659 enim
556 618 638 659 sibi
666 618 831 660 videtur
859 642 911 648 -
942 618 1073 660 ceteri
1102 618 1174 671 qui
1203 620 1360 660 norunt
1387 630 1531 659 omnes
1560 616 1794 658 Thersitem
1823 616 1965 670 potius
1993 616 2143 670 procul
2171 629 2199 658 a
2225 629 2270 658 se
2297 619 2456 658 arcent.
2506 615 2586 666 Qui

267 719 396 761 quum
424 704 540 747 dicat
569 706 638 759 (ut
666 705 721 748 ad
750 718 839 748 rem
867 705 1060 761 redeam)
1095 706 1162 746 »in
1189 704 1381 746 versibus
1409 704 1544 745 nostri
1573 704 1772 745 carminis
1800 704 1906 745 nihil
1933 705 2072 745 inesse
2100 703 2214 758 quod
2233 707 2387 757 arguat
2406 702 2587 757 scripto·

266 808 356 835 rem
385 792 440 835 ab
469 792 725 846 antiquitate
757 793 954 846 alienum,
975 805 1053 835 nec
1081 792 1251 835 omnino
1275 792 1507 848 quidquam
1544 793 1626 834 nisi
1654 793 1736 835 hoc
1771 793 1930 847 partim
1959 796 2027 833 sat
2054 792 2222 847 politis,
2251 791 2483 846 aliquando
2511 790 2590 832 du-

265 882 449 924 rioribus
493 880 604 924 hunc
646 881 897 936 scriptorem
924 880 988 923 uti
1031 880 1228 934 numeris,
1258 893 1386 936 quam
1414 879 1502 923 fere
1531 879 1817 923 admittantur
1844 880 1900 922 ab
1929 880 1990 922 eis
2019 880 2092 935 qui
2122 880 2250 922 docta
2276 880 2516 922 imitatione
2545 882 2589 919 et

266 971 403 1012 alieno
433 983 624 1012 sermone
654 973 910 1024 componant
937 983 1121 1021 versuS,«
1151 971 1267 1012 recte
1297 969 1467 1023 quidem
1496 969 1611 1022 dicit,
1640 969 1714 1012 sed
1743 968 1986 1012 addendum
2016 973 2120 1021 erat,
2151 970 2195 1010 ni
2232 968 2370 1021 fallor,
2414 967 2589 1009 Ovidius

265 1062 308 1099 et
345 1058 419 1111 qui
457 1057 570 1098 illius
611 1056 697 1098 sive
736 1060 872 1098 artem
914 1055 1000 1098 sive
1028 1059 1214 1098 aetatem
1243 1058 1477 1111 sequuntur
1504 1059 1639 1112 poetae
1669 1070 1799 1112 quum
1827 1056 1871 1099 in
1909 1056 2154 1099 elisionibus
2192 1055 2467 1098 admittendis
2502 1068 2592 1110 prae

265 1145 579 1200 antiquioribus
608 1144 745 1199 poetis
772 1144 1010 1199 parcissimi
1038 1144 1135 1197 sint,
1163 1148 1355 1187 nostrum
1369 1147 1554 1200 poetam,
1582 1145 1739 1200 quippe
1758 1144 1980 1188 elisionum
1999 1144 2064 1187 vel
2082 1144 2407 1187 fortissimarum
2428 1145 2591 1200 largam

268 1234 349 1274 sibi
381 1234 546 1288 copiam
574 1233 874 1284 indulgentem,
903 1232 986 1272 hoc
1014 1232 1110 1285 ipsa
1128 1246 1175 1273 re
1204 1233 1433 1286 suspicioni
1459 1247 1605 1276 ansam
1634 1233 1812 1276 dedisse.
1844 1234 2040 1276 Ceterum
2059 1231 2347 1276 fatendum-in
2375 1231 2457 1275 hac
2485 1245 2597 1288 quo-

266 1335 348 1376 que
387 1320 634 1375 quaestione,
670 1333 764 1373 quae
793 1324 859 1360 est
878 1319 930 1360 de
958 1318 1137 1373 epicedii
1178 1319 1380 1361 Drusiani
1420 1320 1661 1375 genuitate,
1699 1334 1750 1362 ex
1790 1320 1995 1363 doctrinae
2024 1320 2156 1375 copiis
2185 1332 2269 1362 non
2297 1332 2424 1376 posse
2452 1319 2595 1362 omnia

266 1408 457 1461 decerni,
487 1408 628 1449 redire
657 1407 773 1449 haud
806 1421 945 1462 pauca
982 1409 1037 1449 ad
1067 1408 1218 1462 judicii
1253 1408 1524 1462 elegantiam,
1561 1408 1689 1462 idque
1713 1408 1921 1463 judicium
1963 1411 2154 1462 (gustum
2182 1412 2395 1451 nostrates
2424 1409 2592 1465 dicunt)

264 1511 348 1539 non
376 1502 465 1538 tam
494 1502 611 1538 certa
654 1497 820 1538 ratione
847 1501 890 1538 et
918 1497 1139 1550 disciplina
1164 1496 1245 1537 niti
1273 1510 1400 1550 quam
1425 1496 1567 1539 nativo
1596 1495 1781 1550 quodam
1808 1497 1896 1539 veri
1936 1496 2159 1552 pulcrique
2198 1510 2322 1539 sensu
2351 1510 2378 1539 a
2402 1510 2485 1552 quo
2519 1497 2593 1552 qui

273 1599 362 1627 rem
391 1585 583 1627 criticam
609 1588 806 1627 exercent
831 1583 1036 1639 philologi
1062 1583 1177 1625 haud
1204 1583 1349 1638 pauci,
1378 1583 1452 1637 qui
1478 1583 1544 1626 vel
1576 1583 1759 1625 maxime
1800 1583 1842 1624 in
1878 1586 2101 1638 poetarum
2139 1583 2418 1638 explicatione
2446 1584 2591 1626 invitis

266 1673 401 1716 Musis
437 1677 660 1716 versantur
676 1704 685 1722 ,
721 1674 871 1714 mirum
902 1675 1106 1727 quantum
1136 1671 1379 1714 abhorrent.
1436 1671 1571 1721 Quam
1599 1685 1689 1714 rem
1716 1674 1766 1712 ut
1794 1670 1959 1726 longius
1987 1682 2238 1725 persequar,
2267 1684 2347 1713 non
2376 1675 2442 1714 est
2468 1671 2594 1728 hujus

267 1760 655 1815 disputatiunculae.
713 1751 846 1813 Igitur
875 1759 1089 1813 Gruppius
1119 1763 1167 1801 ut
1196 1758 1448 1800 sententiam
1485 1772 1606 1800 suam
1647 1758 1699 1800 de
1725 1759 1908 1813 genuina
1937 1759 2137 1801 carminis
2166 1759 2304 1802 nostri
2333 1763 2475 1802 aetate
2503 1763 2592 1802 sta-

264 1847 389 1889 biliat
407 1846 611 1889 nonnulla
635 1845 760 1889 affert
778 1860 884 1901 quae,
914 1847 1027 1901 quod
1048 1846 1362 1901 exquisitiorem
1388 1860 1530 1888 rerum
1549 1847 1744 1889 notitiam
1773 1860 1862 1902 prae
1890 1860 1937 1888 se
1964 1847 2117 1900 ferant,
2147 1847 2320 1889 falsario
2348 1848 2594 1890 recentioris

268 1935 408 1977 nescio
440 1935 559 1990 cujus
589 1934 732 1977 saeculi
761 1934 826 1976 vel
855 1933 1100 1976 doctissimo
1128 1934 1197 1975 vix
1226 1935 1281 1976 ad
1310 1948 1481 1976 manum
1510 1935 1658 1986 fuisse,
1700 1935 1779 1977 soli
1807 1935 1979 1977 illorum
2017 1914 2257 1990 temporum
2287 1936 2439 1990 aequali
2467 1935 2589 1977 inno·

265 2024 395 2066 tuisse
436 2024 624 2079 speciose
654 2027 986 2077 argumentatur.
1042 2023 1099 2065 Et
1126 2023 1207 2066 hoc
1235 2027 1386 2077 argute
1415 2023 1560 2076 addit,
1599 2023 1671 2078 qui
1707 2026 1831 2065 tanta
1858 2023 2071 2066 industria
2099 2024 2375 2079 doctrinaque
2401 2027 2594 2067 versatus

264 2112 391 2155 fuerit
428 2112 473 2155 in
500 2112 706 2154 rimandis
734 2111 860 2154 rebus
890 2125 916 2153 a
952 2111 1161 2154 communi
1190 2112 1344 2154 notitia
1380 2111 1681 2154 remotioribus
1718 2112 1957 2167 philologus
1986 2113 2127 2155 nescio
2156 2114 2248 2167 quis
2276 2113 2419 2155 saeculi
2448 2113 2593 2167 quarti

279 2205 322 2243 et
352 2200 520 2254 decimi,
543 2201 623 2242 hoc
651 2200 720 2243 vix
747 2200 1031 2242 admissurum
1059 2200 1202 2251 fuisse,
1231 2204 1280 2241 ut
1306 2200 1349 2241 in
1377 2200 1631 2255 quibusdam
1659 2201 1764 2243 locis
1793 2204 1921 2255 (quos
1950 2201 2163 2256 Hauptius
2192 2201 2433 2256 exagitavit,
2475 2201 2592 2244 velut

268 2289 435 2332 turbam
453 2289 661 2331 bonorum
681 2303 716 2330 v.
738 2287 790 2330 79
802 2288 1021 2340 fortunam
1040 2288 1218 2330 nocendi
1233 2302 1270 2330 v.
1285 2287 1351 2339 47,
1367 2288 1495 2341 alios)
1525 2302 1552 2331 a
1567 2288 1735 2331 dicendi
1750 2290 2024 2332 cosuetudine
2039 2289 2269 2343 recederet,
2281 2290 2408 2332 immo
2427 2290 2539 2331 viam
2569 2302 2597 2331 a

275 2377 422 2433 probis
450 2376 678 2419 latinitatis
708 2376 953 2418 auctoribus
981 2375 1188 2418 munitam
1217 2379 1345 2430 atque
1373 2376 1521 2418 tritam
1550 2376 1680 2419 fuisse
1706 2377 2005 2432 ingressurum.
2052 2376 2198 2419 Fuisse
2215 2377 2346 2430 igitur
2369 2381 2593 2419 auctorem

271 2466 331 2508 eis
359 2478 452 2520 quae
482 2468 762 2519 persequatur
776 2463 1040 2518 temporibus
1068 2463 1287 2517 aequalem,
1307 2476 1392 2506 non
1410 2468 1497 2505 tam
1517 2466 1688 2518 poetam
1706 2464 1942 2518 perfectum
1961 2477 2088 2518 quam
2120 2466 2351 2519 elegantem
2377 2463 2590 2506 hominem

270 2558 316 2596 et
347 2553 419 2608 qui
447 2551 595 2607 primis
624 2551 746 2606 quasi
774 2550 906 2592 labris
934 2550 1145 2605 poeticam
1173 2564 1252 2592 nec
1280 2554 1421 2592 tamen
1453 2564 1598 2593 crassa
1625 2564 1798 2605 prorsus
1828 2551 2017 2594 Minerva
2046 2552 2270 2606 attigisset.
2334 2551 2446 2601 Quid
2475 2551 2592 2605 quod

270 2641 458 2695 equitum
483 2640 621 2682 ordini
636 2640 862 2693 adscripsit
877 2643 1080 2690 nostrum,
1110 2653 1254 2679 versus
1274 2639 1352 2680 201
1374 2640 1588 2692 particula
1605 2639 1835 2681 »adsumus
1854 2642 1990 2682 omnis
2010 2655 2162 2695 eques«
2183 2640 2396 2693 ingeniose
2423 2640 2467 2682 in
2482 2639 2595 2682 hanc

268 2742 358 2771 rem
396 2728 526 2771 usus?
581 2727 799 2782 Ingeniose
828 2727 997 2782 quidem
1028 2731 1072 2769 et
1099 2727 1301 2782 speciose,
1330 2728 1417 2779 sed,
1444 2732 1493 2769 ut
1521 2728 1661 2778 credo,
1689 2727 1827 2769 minus
1855 2743 1963 2770 vere.
2021 2728 2141 2771 Hanc
2175 2729 2285 2770 enim
2320 2727 2593 2782 prudentiam

270 2816 363 2871 quis
394 2816 569 2860 falsario
589 2816 655 2859 vel
683 2814 966 2868 obtusissimo,
997 2815 1070 2870 qui
1095 2814 1303 2869 aequalem
1331 2828 1377 2857 se
1404 2815 1578 2857 simulat
1605 2815 1758 2871 quibus
1788 2816 1892 2858 libet
1919 2817 2158 2860 hominibus
2178 2816 2243 2859 vel
2269 2815 2410 2868 rebus,
2440 2816 2586 2859 deesse

269 2904 502 2946 arbitretur
530 2907 578 2946 ut
606 2903 687 2946 sibi
713 2903 796 2959 ipsi
824 2905 967 2958 partes
996 2903 1204 2957 quosdam
1232 2903 1276 2945 in
1303 2904 1388 2946 illis
1408 2903 1534 2947 rebus
1553 2904 1776 2960 locumque
1802 2906 1996 2947 tribuat?
2053 2906 2101 2946 In
2127 2906 2180 2946 iis
2205 2918 2303 2946 vero
2323 2919 2417 2958 quae
2446 2918 2474 2946 a
2493 2917 2595 2947 con-

273 2995 392 3034 sueto
413 2991 581 3033 dicendi
609 3005 726 3034 more
745 2991 950 3034 recedunt
976 2994 1025 3033 ut
1043 2993 1142 3033 sunt
1160 2990 1403 3034 tolerabilia
1415 2991 1478 3034 ita
1494 2993 1690 3046 quaedam
1710 2993 1812 3034 ferri
1830 2997 2046 3047 nequeunt
2064 2996 2107 3034 et
2125 2992 2191 3035 vel
2209 2992 2400 3046 Gruppio
2420 2996 2599 3033 auctore

268 3080 379 3122 hanc
430 3082 596 3121 tantum
639 3079 963 3133 explicationem
991 3080 1120 3122 immo
1149 3079 1463 3122 excusationem
1492 3078 1651 3122 habent
1678 3082 1726 3121 ut
1743 3078 1796 3121 ab
1816 3079 2112 3132 interpolatore
2129 3079 2217 3121 sint
2230 3079 2438 3133 profecta.
2496 3079 2596 3121 Jam

270 3183 369 3212 vero
384 3169 421 3211 si
436 3181 695 3221 quaecunque
715 3169 941 3223 displicent
960 3169 1003 3210 in
1023 3168 1210 3211 carmine
1226 3168 1545 3222 interpolatoris
1564 3168 1689 3224 culpa
1707 3166 1824 3210 facta
1839 3181 1930 3210 esse
1943 3167 2186 3223 judicamus
2207 3167 2270 3221 (in
2288 3180 2338 3210 eo
2356 3166 2597 3223 praesertim

271 3257 383 3312 quod
412 3253 659 3298 vetustioris
688 3254 845 3297 codicis
873 3255 1150 3310 manuscripti
1179 3254 1434 3297 auctoritate
1464 3254 1615 3297 nititur
1641 3255 1794 3308 nulla),
1824 3256 1965 3297 nescio
1986 3257 2042 3297 ad
2061 3255 2222 3297 nullum
2240 3268 2325 3297 non
2354 3268 2460 3310 opus
2481 3253 2595 3308 quod
